{"payload": {"data": {"A": "1.64908000", "B": "0.08028000", "a": "70074.71000000", "b": "70074.70000000", "s": "BTCUSDT", "u": 89876265262}, "stream": "btcusdt@bookTicker"}, "timestamp": "2026-03-11T00:58:56.213919+00:00"}
{"payload": {"data": {"A": "1.64923000", "B": "0.08028000", "a": "70074.71000000", "b": "70074.70000000", "s": "BTCUSDT", "u": 89876265264}, "stream": "btcusdt@bookTicker"}, "timestamp": "2026-03-11T00:58:56.213964+00:00"}
{"payload": {"data": {"A": "506.68900000", "B": "0.91100000", "a": "86.07000000", "b": "86.06000000", "s": "SOLUSDT", "u": 28259028477}, "stream": "solusdt@bookTicker"}, "timestamp": "2026-03-11T00:58:56.214005+00:00"}
{"payload": {"data": {"A": "15.87960000", "B": "5.52160000", "a": "2038.53000000", "b": "2038.52000000", "s": "ETHUSDT", "u": 72977481390}, "stream": "ethusdt@bookTicker"}, "timestamp": "2026-03-11T00:58:56.214053+00:00"}
{"payload": {"data": {"A": "1.64923000", "B": "0.05115000", "a": "70074.71000000", "b": "70074.70000000", "s": "BTCUSDT", "u": 89876265284}, "stream": "btcusdt@bookTicker"}, "timestamp": "2026-03-11T00:58:56.214096+00:00"}
{"payload": {"data": {"A": "506.68900000", "B": "0.09200000", "a": "86.07000000", "b": "86.06000000", "s": "SOLUSDT", "u": 28259028481}, "stream": "solusdt@bookTicker"}, "timestamp": "2026-03-11T00:58:56.214136+00:00"}
{"payload": {"data": {"E": 1773190736192, "M": true, "T": 1773190736191, "e": "trade", "m": true, "p": "86.06000000", "q": "0.11700000", "s": "SOLUSDT", "t": 1903682337}, "stream": "solusdt@trade"}, "timestamp": "2026-03-11T00:58:56.214173+00:00"}
{"payload": {"data": {"E": 1773190736192, "M": true, "T": 1773190736191, "e": "trade", "m": true, "p": "86.06000000", "q": "0.06100000", "s": "SOLUSDT", "t": 1903682338}, "stream": "solusdt@trade"}, "timestamp": "2026-03-11T00:58:56.214211+00:00"}
{"payload": {"data": {"E": 1773190736192, "M": true, "T": 1773190736191, "e": "trade", "m": true, "p": "86.06000000", "q": "0.06100000", "s": "SOLUSDT", "t": 1903682339}, "stream": "solusdt@trade"}, "timestamp": "2026-03-11T00:58:56.214252+00:00"}
{"payload": {"data": {"E": 1773190736192, "M": true, "T": 1773190736191, "e": "trade", "m": true, "p": "86.06000000", "q": "0.06000000", "s": "SOLUSDT", "t": 1903682340}, "stream": "solusdt@trade"}, "timestamp": "2026-03-11T00:58:56.214293+00:00"}
{"payload": {"data": {"E": 1773190736192, "M": true, "T": 1773190736191, "e": "trade", "m": true, "p": "86.06000000", "q": "0.07200000", "s": "SOLUSDT", "t": 1903682341}, "stream": "solusdt@trade"}, "timestamp": "2026-03-11T00:58:56.214333+00:00"}
{"payload": {"data": {"E": 1773190736192, "M": true, "T": 1773190736191, "e": "trade", "m": true, "p": "86.06000000", "q": "0.06000000", "s": "SOLUSDT", "t": 1903682342}, "stream": "solusdt@trade"}, "timestamp": "2026-03-11T00:58:56.214374+00:00"}
{"payload": {"data": {"E": 1773190736192, "M": true, "T": 1773190736191, "e": "trade", "m": true, "p": "86.06000000", "q": "0.06000000", "s": "SOLUSDT", "t": 1903682343}, "stream": "solusdt@trade"}, "timestamp": "2026-03-11T00:58:56.214414+00:00"}
{"payload": {"data": {"E": 1773190736192, "M": true, "T": 1773190736191, "e": "trade", "m": true, "p": "86.06000000", "q": "0.06000000", "s": "SOLUSDT", "t": 1903682344}, "stream": "solusdt@trade"}, "timestamp": "2026-03-11T00:58:56.214453+00:00"}
{"payload": {"data": {"E": 1773190736192, "M": true, "T": 1773190736191, "e": "trade", "m": true, "p": "86.06000000", "q": "0.06000000", "s": "SOLUSDT", "t": 1903682345}, "stream": "solusdt@trade"}, "timestamp": "2026-03-11T00:58:56.214493+00:00"}
{"payload": {"data": {"E": 1773190736192, "M": true, "T": 1773190736191, "e": "trade", "m": true, "p": "86.06000000", "q": "0.06000000", "s": "SOLUSDT", "t": 1903682346}, "stream": "solusdt@trade"}, "timestamp": "2026-03-11T00:58:56.214534+00:00"}
{"payload": {"data": {"E": 1773190736192, "M": true, "T": 1773190736191, "e": "trade", "m": true, "p": "86.06000000", "q": "0.06000000", "s": "SOLUSDT", "t": 1903682347}, "stream": "solusdt@trade"}, "timestamp": "2026-03-11T00:58:56.214574+00:00"}
{"payload": {"data": {"E": 1773190736192, "M": true, "T": 1773190736191, "e": "trade", "m": true, "p": "86.06000000", "q": "0.06000000", "s": "SOLUSDT", "t": 1903682348}, "stream": "solusdt@trade"}, "timestamp": "2026-03-11T00:58:56.214623+00:00"}
{"payload": {"data": {"E": 1773190736192, "M": true, "T": 1773190736191, "e": "trade", "m": true, "p": "86.06000000", "q": "0.06000000", "s": "SOLUSDT", "t": 1903682349}, "stream": "solusdt@trade"}, "timestamp": "2026-03-11T00:58:56.214668+00:00"}
{"payload": {"data": {"E": 1773190736192, "M": true, "T": 1773190736191, "e": "trade", "m": true, "p": "86.06000000", "q": "0.06000000", "s": "SOLUSDT", "t": 1903682350}, "stream": "solusdt@trade"}, "timestamp": "2026-03-11T00:58:56.214712+00:00"}
{"payload": {"data": {"E": 1773190736192, "M": true, "T": 1773190736191, "e": "trade", "m": true, "p": "86.06000000", "q": "0.06100000", "s": "SOLUSDT", "t": 1903682351}, "stream": "solusdt@trade"}, "timestamp": "2026-03-11T00:58:56.214756+00:00"}
{"payload": {"data": {"E": 1773190736192, "M": true, "T": 1773190736191, "e": "trade", "m": true, "p": "86.06000000", "q": "0.02800000", "s": "SOLUSDT", "t": 1903682352}, "stream": "solusdt@trade"}, "timestamp": "2026-03-11T00:58:56.214800+00:00"}
{"payload": {"data": {"E": 1773190736193, "M": true, "T": 1773190736192, "e": "trade", "m": true, "p": "86.06000000", "q": "0.03200000", "s": "SOLUSDT", "t": 1903682353}, "stream": "solusdt@trade"}, "timestamp": "2026-03-11T00:58:56.214844+00:00"}
{"payload": {"data": {"E": 1773190736193, "M": true, "T": 1773190736192, "e": "trade", "m": true, "p": "86.06000000", "q": "0.06000000", "s": "SOLUSDT", "t": 1903682354}, "stream": "solusdt@trade"}, "timestamp": "2026-03-11T00:58:56.214884+00:00"}
{"payload": {"data": {"E": 1773190736193, "M": true, "T": 1773190736192, "e": "trade", "m": true, "p": "86.06000000", "q": "0.06000000", "s": "SOLUSDT", "t": 1903682355}, "stream": "solusdt@trade"}, "timestamp": "2026-03-11T00:58:56.214924+00:00"}
{"payload": {"data": {"A": "506.62700000", "B": "0.09200000", "a": "86.07000000", "b": "86.06000000", "s": "SOLUSDT", "u": 28259028483}, "stream": "solusdt@bookTicker"}, "timestamp": "2026-03-11T00:58:56.214967+00:00"}
{"payload": {"data": {"A": "506.62700000", "B": "0.15200000", "a": "86.07000000", "b": "86.06000000", "s": "SOLUSDT", "u": 28259028484}, "stream": "solusdt@bookTicker"}, "timestamp": "2026-03-11T00:58:56.215010+00:00"}
{"payload": {"data": {"A": "28.92600000", "B": "355.76000000", "a": "86.06000000", "b": "86.05000000", "s": "SOLUSDT", "u": 28259028486}, "stream": "solusdt@bookTicker"}, "timestamp": "2026-03-11T00:58:56.215053+00:00"}
{"payload": {"data": {"A": "48.56600000", "B": "355.76000000", "a": "86.06000000", "b": "86.05000000", "s": "SOLUSDT", "u": 28259028487}, "stream": "solusdt@bookTicker"}, "timestamp": "2026-03-11T00:58:56.215098+00:00"}
{"payload": {"data": {"A": "68.42600000", "B": "355.76000000", "a": "86.06000000", "b": "86.05000000", "s": "SOLUSDT", "u": 28259028488}, "stream": "solusdt@bookTicker"}, "timestamp": "2026-03-11T00:58:56.215140+00:00"}
{"payload": {"data": {"A": "109.99800000", "B": "355.76000000", "a": "86.06000000", "b": "86.05000000", "s": "SOLUSDT", "u": 28259028489}, "stream": "solusdt@bookTicker"}, "timestamp": "2026-03-11T00:58:56.215183+00:00"}
{"payload": {"data": {"A": "115.70700000", "B": "355.76000000", "a": "86.06000000", "b": "86.05000000", "s": "SOLUSDT", "u": 28259028490}, "stream": "solusdt@bookTicker"}, "timestamp": "2026-03-11T00:58:56.215226+00:00"}
{"payload": {"data": {"A": "135.24700000", "B": "355.76000000", "a": "86.06000000", "b": "86.05000000", "s": "SOLUSDT", "u": 28259028491}, "stream": "solusdt@bookTicker"}, "timestamp": "2026-03-11T00:58:56.215269+00:00"}
{"payload": {"data": {"A": "135.83200000", "B": "355.76000000", "a": "86.06000000", "b": "86.05000000", "s": "SOLUSDT", "u": 28259028492}, "stream": "solusdt@bookTicker"}, "timestamp": "2026-03-11T00:58:56.215313+00:00"}
{"payload": {"data": {"A": "162.83200000", "B": "355.76000000", "a": "86.06000000", "b": "86.05000000", "s": "SOLUSDT", "u": 28259028493}, "stream": "solusdt@bookTicker"}, "timestamp": "2026-03-11T00:58:56.215362+00:00"}
{"payload": {"data": {"A": "235.97500000", "B": "355.76000000", "a": "86.06000000", "b": "86.05000000", "s": "SOLUSDT", "u": 28259028494}, "stream": "solusdt@bookTicker"}, "timestamp": "2026-03-11T00:58:56.215406+00:00"}
{"payload": {"data": {"A": "235.97500000", "B": "415.48300000", "a": "86.06000000", "b": "86.05000000", "s": "SOLUSDT", "u": 28259028495}, "stream": "solusdt@bookTicker"}, "timestamp": "2026-03-11T00:58:56.215448+00:00"}
{"payload": {"data": {"A": "236.03400000", "B": "415.48300000", "a": "86.06000000", "b": "86.05000000", "s": "SOLUSDT", "u": 28259028497}, "stream": "solusdt@bookTicker"}, "timestamp": "2026-03-11T00:58:56.215489+00:00"}
{"payload": {"data": {"A": "263.21500000", "B": "415.48300000", "a": "86.06000000", "b": "86.05000000", "s": "SOLUSDT", "u": 28259028498}, "stream": "solusdt@bookTicker"}, "timestamp": "2026-03-11T00:58:56.215535+00:00"}
{"payload": {"data": {"A": "268.53900000", "B": "415.48300000", "a": "86.06000000", "b": "86.05000000", "s": "SOLUSDT", "u": 28259028499}, "stream": "solusdt@bookTicker"}, "timestamp": "2026-03-11T00:58:56.215579+00:00"}
{"payload": {"data": {"A": "271.05000000", "B": "415.48300000", "a": "86.06000000", "b": "86.05000000", "s": "SOLUSDT", "u": 28259028501}, "stream": "solusdt@bookTicker"}, "timestamp": "2026-03-11T00:58:56.215623+00:00"}
{"payload": {"data": {"A": "271.05000000", "B": "477.73100000", "a": "86.06000000", "b": "86.05000000", "s": "SOLUSDT", "u": 28259028502}, "stream": "solusdt@bookTicker"}, "timestamp": "2026-03-11T00:58:56.215663+00:00"}
{"payload": {"data": {"A": "336.08500000", "B": "477.73100000", "a": "86.06000000", "b": "86.05000000", "s": "SOLUSDT", "u": 28259028503}, "stream": "solusdt@bookTicker"}, "timestamp": "2026-03-11T00:58:56.215704+00:00"}
{"payload": {"data": {"A": "354.92500000", "B": "477.73100000", "a": "86.06000000", "b": "86.05000000", "s": "SOLUSDT", "u": 28259028504}, "stream": "solusdt@bookTicker"}, "timestamp": "2026-03-11T00:58:56.215750+00:00"}
{"payload": {"data": {"A": "416.45400000", "B": "477.73100000", "a": "86.06000000", "b": "86.05000000", "s": "SOLUSDT", "u": 28259028506}, "stream": "solusdt@bookTicker"}, "timestamp": "2026-03-11T00:58:56.215791+00:00"}
{"payload": {"data": {"A": "469.90100000", "B": "477.73100000", "a": "86.06000000", "b": "86.05000000", "s": "SOLUSDT", "u": 28259028508}, "stream": "solusdt@bookTicker"}, "timestamp": "2026-03-11T00:58:56.215835+00:00"}
{"payload": {"data": {"A": "469.90100000", "B": "533.78800000", "a": "86.06000000", "b": "86.05000000", "s": "SOLUSDT", "u": 28259028509}, "stream": "solusdt@bookTicker"}, "timestamp": "2026-03-11T00:58:56.215880+00:00"}
{"payload": {"data": {"A": "469.90100000", "B": "592.15900000", "a": "86.06000000", "b": "86.05000000", "s": "SOLUSDT", "u": 28259028511}, "stream": "solusdt@bookTicker"}, "timestamp": "2026-03-11T00:58:56.215925+00:00"}
{"payload": {"data": {"A": "469.90100000", "B": "532.43600000", "a": "86.06000000", "b": "86.05000000", "s": "SOLUSDT", "u": 28259028512}, "stream": "solusdt@bookTicker"}, "timestamp": "2026-03-11T00:58:56.215969+00:00"}
{"payload": {"data": {"A": "467.39000000", "B": "532.43600000", "a": "86.06000000", "b": "86.05000000", "s": "SOLUSDT", "u": 28259028515}, "stream": "solusdt@bookTicker"}, "timestamp": "2026-03-11T00:58:56.216014+00:00"}
{"payload": {"data": {"A": "405.86100000", "B": "532.43600000", "a": "86.06000000", "b": "86.05000000", "s": "SOLUSDT", "u": 28259028516}, "stream": "solusdt@bookTicker"}, "timestamp": "2026-03-11T00:58:56.216055+00:00"}
{"payload": {"data": {"A": "405.86100000", "B": "532.37700000", "a": "86.06000000", "b": "86.05000000", "s": "SOLUSDT", "u": 28259028522}, "stream": "solusdt@bookTicker"}, "timestamp": "2026-03-11T00:58:56.216096+00:00"}
{"payload": {"data": {"A": "491.82100000", "B": "532.37700000", "a": "86.06000000", "b": "86.05000000", "s": "SOLUSDT", "u": 28259028524}, "stream": "solusdt@bookTicker"}, "timestamp": "2026-03-11T00:58:56.216142+00:00"}
{"payload": {"data": {"A": "491.82100000", "B": "505.19600000", "a": "86.06000000", "b": "86.05000000", "s": "SOLUSDT", "u": 28259028526}, "stream": "solusdt@bookTicker"}, "timestamp": "2026-03-11T00:58:56.216192+00:00"}
{"payload": {"data": {"A": "491.82100000", "B": "442.94800000", "a": "86.06000000", "b": "86.05000000", "s": "SOLUSDT", "u": 28259028527}, "stream": "solusdt@bookTicker"}, "timestamp": "2026-03-11T00:58:56.216236+00:00"}
{"payload": {"data": {"A": "472.28100000", "B": "442.94800000", "a": "86.06000000", "b": "86.05000000", "s": "SOLUSDT", "u": 28259028528}, "stream": "solusdt@bookTicker"}, "timestamp": "2026-03-11T00:58:56.216282+00:00"}
{"payload": {"data": {"A": "472.34100000", "B": "442.94800000", "a": "86.06000000", "b": "86.05000000", "s": "SOLUSDT", "u": 28259028530}, "stream": "solusdt@bookTicker"}, "timestamp": "2026-03-11T00:58:56.216322+00:00"}
{"payload": {"data": {"A": "472.40100000", "B": "442.94800000", "a": "86.06000000", "b": "86.05000000", "s": "SOLUSDT", "u": 28259028532}, "stream": "solusdt@bookTicker"}, "timestamp": "2026-03-11T00:58:56.216366+00:00"}
{"payload": {"data": {"A": "472.40100000", "B": "349.60200000", "a": "86.06000000", "b": "86.05000000", "s": "SOLUSDT", "u": 28259028533}, "stream": "solusdt@bookTicker"}, "timestamp": "2026-03-11T00:58:56.216412+00:00"}
{"payload": {"data": {"A": "472.40100000", "B": "251.28300000", "a": "86.06000000", "b": "86.05000000", "s": "SOLUSDT", "u": 28259028536}, "stream": "solusdt@bookTicker"}, "timestamp": "2026-03-11T00:58:56.216456+00:00"}
{"payload": {"data": {"A": "588.59300000", "B": "251.28300000", "a": "86.06000000", "b": "86.05000000", "s": "SOLUSDT", "u": 28259028538}, "stream": "solusdt@bookTicker"}, "timestamp": "2026-03-11T00:58:56.216502+00:00"}
{"payload": {"data": {"A": "588.59300000", "B": "233.52800000", "a": "86.06000000", "b": "86.05000000", "s": "SOLUSDT", "u": 28259028539}, "stream": "solusdt@bookTicker"}, "timestamp": "2026-03-11T00:58:56.216547+00:00"}
{"payload": {"data": {"A": "602.62600000", "B": "233.52800000", "a": "86.06000000", "b": "86.05000000", "s": "SOLUSDT", "u": 28259028541}, "stream": "solusdt@bookTicker"}, "timestamp": "2026-03-11T00:58:56.216591+00:00"}
{"payload": {"data": {"A": "602.68600000", "B": "233.52800000", "a": "86.06000000", "b": "86.05000000", "s": "SOLUSDT", "u": 28259028542}, "stream": "solusdt@bookTicker"}, "timestamp": "2026-03-11T00:58:56.216636+00:00"}
{"payload": {"data": {"A": "602.74600000", "B": "233.52800000", "a": "86.06000000", "b": "86.05000000", "s": "SOLUSDT", "u": 28259028544}, "stream": "solusdt@bookTicker"}, "timestamp": "2026-03-11T00:58:56.216681+00:00"}
{"payload": {"data": {"A": "762.28600000", "B": "233.52800000", "a": "86.06000000", "b": "86.05000000", "s": "SOLUSDT", "u": 28259028546}, "stream": "solusdt@bookTicker"}, "timestamp": "2026-03-11T00:58:56.216727+00:00"}
{"payload": {"data": {"A": "762.34600000", "B": "233.52800000", "a": "86.06000000", "b": "86.05000000", "s": "SOLUSDT", "u": 28259028547}, "stream": "solusdt@bookTicker"}, "timestamp": "2026-03-11T00:58:56.216771+00:00"}
{"payload": {"data": {"A": "762.40600000", "B": "233.52800000", "a": "86.06000000", "b": "86.05000000", "s": "SOLUSDT", "u": 28259028548}, "stream": "solusdt@bookTicker"}, "timestamp": "2026-03-11T00:58:56.216811+00:00"}
{"payload": {"data": {"A": "762.40600000", "B": "233.58800000", "a": "86.06000000", "b": "86.05000000", "s": "SOLUSDT", "u": 28259028549}, "stream": "solusdt@bookTicker"}, "timestamp": "2026-03-11T00:58:56.216860+00:00"}
{"payload": {"data": {"A": "802.70600000", "B": "233.58800000", "a": "86.06000000", "b": "86.05000000", "s": "SOLUSDT", "u": 28259028550}, "stream": "solusdt@bookTicker"}, "timestamp": "2026-03-11T00:58:56.216902+00:00"}
{"payload": {"data": {"A": "802.76600000", "B": "233.58800000", "a": "86.06000000", "b": "86.05000000", "s": "SOLUSDT", "u": 28259028551}, "stream": "solusdt@bookTicker"}, "timestamp": "2026-03-11T00:58:56.216943+00:00"}
{"payload": {"data": {"A": "802.76600000", "B": "233.52900000", "a": "86.06000000", "b": "86.05000000", "s": "SOLUSDT", "u": 28259028553}, "stream": "solusdt@bookTicker"}, "timestamp": "2026-03-11T00:58:56.217001+00:00"}
{"payload": {"data": {"A": "783.92600000", "B": "233.52900000", "a": "86.06000000", "b": "86.05000000", "s": "SOLUSDT", "u": 28259028555}, "stream": "solusdt@bookTicker"}, "timestamp": "2026-03-11T00:58:56.217043+00:00"}
{"payload": {"data": {"A": "783.92600000", "B": "287.63600000", "a": "86.06000000", "b": "86.05000000", "s": "SOLUSDT", "u": 28259028556}, "stream": "solusdt@bookTicker"}, "timestamp": "2026-03-11T00:58:56.217082+00:00"}
{"payload": {"data": {"A": "837.72900000", "B": "287.63600000", "a": "86.06000000", "b": "86.05000000", "s": "SOLUSDT", "u": 28259028557}, "stream": "solusdt@bookTicker"}, "timestamp": "2026-03-11T00:58:56.217122+00:00"}
{"payload": {"data": {"A": "842.72900000", "B": "287.63600000", "a": "86.06000000", "b": "86.05000000", "s": "SOLUSDT", "u": 28259028558}, "stream": "solusdt@bookTicker"}, "timestamp": "2026-03-11T00:58:56.217162+00:00"}
{"payload": {"data": {"A": "842.78900000", "B": "287.63600000", "a": "86.06000000", "b": "86.05000000", "s": "SOLUSDT", "u": 28259028559}, "stream": "solusdt@bookTicker"}, "timestamp": "2026-03-11T00:58:56.217201+00:00"}
{"payload": {"data": {"A": "842.78900000", "B": "345.34500000", "a": "86.06000000", "b": "86.05000000", "s": "SOLUSDT", "u": 28259028560}, "stream": "solusdt@bookTicker"}, "timestamp": "2026-03-11T00:58:56.217241+00:00"}
{"payload": {"data": {"A": "842.78900000", "B": "399.82300000", "a": "86.06000000", "b": "86.05000000", "s": "SOLUSDT", "u": 28259028561}, "stream": "solusdt@bookTicker"}, "timestamp": "2026-03-11T00:58:56.217284+00:00"}
{"payload": {"data": {"A": "842.85100000", "B": "399.82300000", "a": "86.06000000", "b": "86.05000000", "s": "SOLUSDT", "u": 28259028562}, "stream": "solusdt@bookTicker"}, "timestamp": "2026-03-11T00:58:56.217326+00:00"}
{"payload": {"data": {"A": "842.91300000", "B": "399.82300000", "a": "86.06000000", "b": "86.05000000", "s": "SOLUSDT", "u": 28259028563}, "stream": "solusdt@bookTicker"}, "timestamp": "2026-03-11T00:58:56.217367+00:00"}
{"payload": {"data": {"A": "842.91300000", "B": "399.88300000", "a": "86.06000000", "b": "86.05000000", "s": "SOLUSDT", "u": 28259028565}, "stream": "solusdt@bookTicker"}, "timestamp": "2026-03-11T00:58:56.217407+00:00"}
{"payload": {"data": {"A": "842.91300000", "B": "399.94300000", "a": "86.06000000", "b": "86.05000000", "s": "SOLUSDT", "u": 28259028566}, "stream": "solusdt@bookTicker"}, "timestamp": "2026-03-11T00:58:56.217447+00:00"}
{"payload": {"data": {"A": "888.55300000", "B": "399.94300000", "a": "86.06000000", "b": "86.05000000", "s": "SOLUSDT", "u": 28259028567}, "stream": "solusdt@bookTicker"}, "timestamp": "2026-03-11T00:58:56.217487+00:00"}
{"payload": {"data": {"A": "894.78000000", "B": "399.94300000", "a": "86.06000000", "b": "86.05000000", "s": "SOLUSDT", "u": 28259028569}, "stream": "solusdt@bookTicker"}, "timestamp": "2026-03-11T00:58:56.217528+00:00"}
{"payload": {"data": {"A": "894.78000000", "B": "400.00300000", "a": "86.06000000", "b": "86.05000000", "s": "SOLUSDT", "u": 28259028570}, "stream": "solusdt@bookTicker"}, "timestamp": "2026-03-11T00:58:56.217567+00:00"}
{"payload": {"data": {"A": "894.78000000", "B": "345.52500000", "a": "86.06000000", "b": "86.05000000", "s": "SOLUSDT", "u": 28259028572}, "stream": "solusdt@bookTicker"}, "timestamp": "2026-03-11T00:58:56.217607+00:00"}
{"payload": {"data": {"A": "987.72600000", "B": "345.52500000", "a": "86.06000000", "b": "86.05000000", "s": "SOLUSDT", "u": 28259028573}, "stream": "solusdt@bookTicker"}, "timestamp": "2026-03-11T00:58:56.217644+00:00"}
{"payload": {"data": {"A": "1012.85600000", "B": "345.52500000", "a": "86.06000000", "b": "86.05000000", "s": "SOLUSDT", "u": 28259028575}, "stream": "solusdt@bookTicker"}, "timestamp": "2026-03-11T00:58:56.217685+00:00"}
{"payload": {"data": {"A": "1012.85600000", "B": "345.58500000", "a": "86.06000000", "b": "86.05000000", "s": "SOLUSDT", "u": 28259028576}, "stream": "solusdt@bookTicker"}, "timestamp": "2026-03-11T00:58:56.217726+00:00"}
{"payload": {"data": {"A": "1012.85600000", "B": "345.64500000", "a": "86.06000000", "b": "86.05000000", "s": "SOLUSDT", "u": 28259028580}, "stream": "solusdt@bookTicker"}, "timestamp": "2026-03-11T00:58:56.217772+00:00"}
{"payload": {"data": {"A": "1012.85600000", "B": "345.70500000", "a": "86.06000000", "b": "86.05000000", "s": "SOLUSDT", "u": 28259028581}, "stream": "solusdt@bookTicker"}, "timestamp": "2026-03-11T00:58:56.217812+00:00"}
{"payload": {"data": {"A": "1948.06", "B": "225.70", "E": 1773190736196, "T": 1773190736196, "a": "86.0000", "b": "85.9900", "e": "bookTicker", "s": "SOLUSDT", "u": 10084749064127}, "stream": "solusdt@bookTicker"}, "timestamp": "2026-03-11T00:58:56.217931+00:00"}
{"payload": {"data": {"A": "1992.51", "B": "225.70", "E": 1773190736196, "T": 1773190736196, "a": "86.0000", "b": "85.9900", "e": "bookTicker", "s": "SOLUSDT", "u": 10084749064186}, "stream": "solusdt@bookTicker"}, "timestamp": "2026-03-11T00:58:56.217986+00:00"}
{"payload": {"data": {"A": "1992.64", "B": "225.70", "E": 1773190736196, "T": 1773190736196, "a": "86.0000", "b": "85.9900", "e": "bookTicker", "s": "SOLUSDT", "u": 10084749064191}, "stream": "solusdt@bookTicker"}, "timestamp": "2026-03-11T00:58:56.218030+00:00"}
{"payload": {"data": {"A": "5.010", "B": "0.140", "E": 1773190736197, "T": 1773190736197, "a": "446.39", "b": "446.38", "e": "bookTicker", "s": "BCHUSDT", "u": 10084749064408}, "stream": "bchusdt@bookTicker"}, "timestamp": "2026-03-11T00:58:56.218074+00:00"}
{"payload": {"data": {"A": "2037.09", "B": "225.70", "E": 1773190736197, "T": 1773190736197, "a": "86.0000", "b": "85.9900", "e": "bookTicker", "s": "SOLUSDT", "u": 10084749064368}, "stream": "solusdt@bookTicker"}, "timestamp": "2026-03-11T00:58:56.218120+00:00"}
{"payload": {"data": {"A": "1992.64", "B": "225.70", "E": 1773190736198, "T": 1773190736197, "a": "86.0000", "b": "85.9900", "e": "bookTicker", "s": "SOLUSDT", "u": 10084749064440}, "stream": "solusdt@bookTicker"}, "timestamp": "2026-03-11T00:58:56.218164+00:00"}
{"payload": {"data": {"A": "1948.19", "B": "225.70", "E": 1773190736198, "T": 1773190736198, "a": "86.0000", "b": "85.9900", "e": "bookTicker", "s": "SOLUSDT", "u": 10084749064486}, "stream": "solusdt@bookTicker"}, "timestamp": "2026-03-11T00:58:56.218201+00:00"}
{"payload": {"data": {"A": "1992.64", "B": "225.70", "E": 1773190736198, "T": 1773190736198, "a": "86.0000", "b": "85.9900", "e": "bookTicker", "s": "SOLUSDT", "u": 10084749064506}, "stream": "solusdt@bookTicker"}, "timestamp": "2026-03-11T00:58:56.218238+00:00"}
{"payload": {"data": {"A": "2037.09", "B": "225.70", "E": 1773190736199, "T": 1773190736199, "a": "86.0000", "b": "85.9900", "e": "bookTicker", "s": "SOLUSDT", "u": 10084749064734}, "stream": "solusdt@bookTicker"}, "timestamp": "2026-03-11T00:58:56.218275+00:00"}
{"payload": {"data": {"A": "1992.64", "B": "225.70", "E": 1773190736200, "T": 1773190736199, "a": "86.0000", "b": "85.9900", "e": "bookTicker", "s": "SOLUSDT", "u": 10084749064757}, "stream": "solusdt@bookTicker"}, "timestamp": "2026-03-11T00:58:56.218312+00:00"}
{"payload": {"data": {"A": "1948.19", "B": "225.70", "E": 1773190736200, "T": 1773190736200, "a": "86.0000", "b": "85.9900", "e": "bookTicker", "s": "SOLUSDT", "u": 10084749064842}, "stream": "solusdt@bookTicker"}, "timestamp": "2026-03-11T00:58:56.218349+00:00"}
{"payload": {"data": {"A": "311833", "B": "117456", "E": 1773190736200, "T": 1773190736199, "a": "0.26210", "b": "0.26200", "e": "bookTicker", "s": "ADAUSDT", "u": 10084749064767}, "stream": "adausdt@bookTicker"}, "timestamp": "2026-03-11T00:58:56.218390+00:00"}
{"payload": {"data": {"A": "1992.64", "B": "225.70", "E": 1773190736201, "T": 1773190736200, "a": "86.0000", "b": "85.9900", "e": "bookTicker", "s": "SOLUSDT", "u": 10084749064919}, "stream": "solusdt@bookTicker"}, "timestamp": "2026-03-11T00:58:56.218429+00:00"}
{"payload": {"data": {"A": "2037.09", "B": "225.70", "E": 1773190736201, "T": 1773190736201, "a": "86.0000", "b": "85.9900", "e": "bookTicker", "s": "SOLUSDT", "u": 10084749065095}, "stream": "solusdt@bookTicker"}, "timestamp": "2026-03-11T00:58:56.218473+00:00"}
{"payload": {"data": {"A": "1016.58300000", "B": "345.70500000", "a": "86.06000000", "b": "86.05000000", "s": "SOLUSDT", "u": 28259028585}, "stream": "solusdt@bookTicker"}, "timestamp": "2026-03-11T00:58:56.218566+00:00"}
{"payload": {"data": {"A": "1017.08300000", "B": "345.70500000", "a": "86.06000000", "b": "86.05000000", "s": "SOLUSDT", "u": 28259028587}, "stream": "solusdt@bookTicker"}, "timestamp": "2026-03-11T00:58:56.218618+00:00"}
{"payload": {"data": {"A": "1020.08300000", "B": "345.70500000", "a": "86.06000000", "b": "86.05000000", "s": "SOLUSDT", "u": 28259028597}, "stream": "solusdt@bookTicker"}, "timestamp": "2026-03-11T00:58:56.218660+00:00"}
{"payload": {"data": {"A": "1.64923000", "B": "0.05255000", "a": "70074.71000000", "b": "70074.70000000", "s": "BTCUSDT", "u": 89876265307}, "stream": "btcusdt@bookTicker"}, "timestamp": "2026-03-11T00:58:56.218700+00:00"}
{"payload": {"data": {"A": "1992.64", "B": "225.70", "E": 1773190736202, "T": 1773190736202, "a": "86.0000", "b": "85.9900", "e": "bookTicker", "s": "SOLUSDT", "u": 10084749065167}, "stream": "solusdt@bookTicker"}, "timestamp": "2026-03-11T00:58:56.218778+00:00"}
{"payload": {"data": {"A": "1.64923000", "B": "0.05563000", "a": "70074.71000000", "b": "70074.70000000", "s": "BTCUSDT", "u": 89876265309}, "stream": "btcusdt@bookTicker"}, "timestamp": "2026-03-11T00:58:56.219064+00:00"}
{"payload": {"data": {"A": "2037.09", "B": "225.70", "E": 1773190736203, "T": 1773190736202, "a": "86.0000", "b": "85.9900", "e": "bookTicker", "s": "SOLUSDT", "u": 10084749065341}, "stream": "solusdt@bookTicker"}, "timestamp": "2026-03-11T00:58:56.220199+00:00"}
{"payload": {"data": {"A": "10.476", "B": "0.870", "E": 1773190736203, "T": 1773190736203, "a": "70026.10", "b": "70026.00", "e": "bookTicker", "s": "BTCUSDT", "u": 10084749065471}, "stream": "btcusdt@bookTicker"}, "timestamp": "2026-03-11T00:58:56.220255+00:00"}
{"payload": {"data": {"A": "1992.64", "B": "225.70", "E": 1773190736203, "T": 1773190736203, "a": "86.0000", "b": "85.9900", "e": "bookTicker", "s": "SOLUSDT", "u": 10084749065499}, "stream": "solusdt@bookTicker"}, "timestamp": "2026-03-11T00:58:56.220299+00:00"}
{"payload": {"data": {"A": "10.865", "B": "0.870", "E": 1773190736203, "T": 1773190736203, "a": "70026.10", "b": "70026.00", "e": "bookTicker", "s": "BTCUSDT", "u": 10084749065544}, "stream": "btcusdt@bookTicker"}, "timestamp": "2026-03-11T00:58:56.220338+00:00"}
{"payload": {"data": {"A": "2037.09", "B": "225.70", "E": 1773190736203, "T": 1773190736203, "a": "86.0000", "b": "85.9900", "e": "bookTicker", "s": "SOLUSDT", "u": 10084749065577}, "stream": "solusdt@bookTicker"}, "timestamp": "2026-03-11T00:58:56.220389+00:00"}
{"payload": {"data": {"A": "10.865", "B": "0.967", "E": 1773190736203, "T": 1773190736203, "a": "70026.10", "b": "70026.00", "e": "bookTicker", "s": "BTCUSDT", "u": 10084749065590}, "stream": "btcusdt@bookTicker"}, "timestamp": "2026-03-11T00:58:56.220437+00:00"}
{"payload": {"data": {"A": "1992.64", "B": "225.70", "E": 1773190736204, "T": 1773190736204, "a": "86.0000", "b": "85.9900", "e": "bookTicker", "s": "SOLUSDT", "u": 10084749065670}, "stream": "solusdt@bookTicker"}, "timestamp": "2026-03-11T00:58:56.220528+00:00"}
{"payload": {"data": {"A": "2037.09", "B": "225.70", "E": 1773190736204, "T": 1773190736204, "a": "86.0000", "b": "85.9900", "e": "bookTicker", "s": "SOLUSDT", "u": 10084749065758}, "stream": "solusdt@bookTicker"}, "timestamp": "2026-03-11T00:58:56.220581+00:00"}
{"payload": {"data": {"A": "10.865", "B": "0.985", "E": 1773190736204, "T": 1773190736204, "a": "70026.10", "b": "70026.00", "e": "bookTicker", "s": "BTCUSDT", "u": 10084749065776}, "stream": "btcusdt@bookTicker"}, "timestamp": "2026-03-11T00:58:56.220624+00:00"}
{"payload": {"data": {"A": "132.345", "B": "0.080", "E": 1773190736204, "T": 1773190736204, "a": "2037.39", "b": "2037.38", "e": "bookTicker", "s": "ETHUSDT", "u": 10084749065646}, "stream": "ethusdt@bookTicker"}, "timestamp": "2026-03-11T00:58:56.220667+00:00"}
{"payload": {"data": {"A": "1992.64", "B": "225.70", "E": 1773190736205, "T": 1773190736205, "a": "86.0000", "b": "85.9900", "e": "bookTicker", "s": "SOLUSDT", "u": 10084749065892}, "stream": "solusdt@bookTicker"}, "timestamp": "2026-03-11T00:58:56.221829+00:00"}
{"payload": {"data": {"A": "1948.19", "B": "225.70", "E": 1773190736205, "T": 1773190736205, "a": "86.0000", "b": "85.9900", "e": "bookTicker", "s": "SOLUSDT", "u": 10084749065940}, "stream": "solusdt@bookTicker"}, "timestamp": "2026-03-11T00:58:56.221886+00:00"}
{"payload": {"data": {"A": "1992.65", "B": "225.70", "E": 1773190736206, "T": 1773190736206, "a": "86.0000", "b": "85.9900", "e": "bookTicker", "s": "SOLUSDT", "u": 10084749066064}, "stream": "solusdt@bookTicker"}, "timestamp": "2026-03-11T00:58:56.221930+00:00"}
{"payload": {"data": {"A": "10.476", "B": "0.985", "E": 1773190736207, "T": 1773190736207, "a": "70026.10", "b": "70026.00", "e": "bookTicker", "s": "BTCUSDT", "u": 10084749066326}, "stream": "btcusdt@bookTicker"}, "timestamp": "2026-03-11T00:58:56.223085+00:00"}
{"payload": {"data": {"A": "10.865", "B": "0.985", "E": 1773190736207, "T": 1773190736207, "a": "70026.10", "b": "70026.00", "e": "bookTicker", "s": "BTCUSDT", "u": 10084749066329}, "stream": "btcusdt@bookTicker"}, "timestamp": "2026-03-11T00:58:56.223140+00:00"}
{"payload": {"data": {"A": "1.64952000", "B": "0.05563000", "a": "70074.71000000", "b": "70074.70000000", "s": "BTCUSDT", "u": 89876265325}, "stream": "btcusdt@bookTicker"}, "timestamp": "2026-03-11T00:58:56.223187+00:00"}
{"payload": {"data": {"A": "127.828", "B": "0.080", "E": 1773190736206, "T": 1773190736206, "a": "2037.39", "b": "2037.38", "e": "bookTicker", "s": "ETHUSDT", "u": 10084749066197}, "stream": "ethusdt@bookTicker"}, "timestamp": "2026-03-11T00:58:56.223423+00:00"}
{"payload": {"data": {"A": "128.537", "B": "0.080", "E": 1773190736206, "T": 1773190736206, "a": "2037.39", "b": "2037.38", "e": "bookTicker", "s": "ETHUSDT", "u": 10084749066224}, "stream": "ethusdt@bookTicker"}, "timestamp": "2026-03-11T00:58:56.223505+00:00"}
{"payload": {"data": {"A": "124.035", "B": "0.080", "E": 1773190736206, "T": 1773190736206, "a": "2037.39", "b": "2037.38", "e": "bookTicker", "s": "ETHUSDT", "u": 10084749066237}, "stream": "ethusdt@bookTicker"}, "timestamp": "2026-03-11T00:58:56.223566+00:00"}
{"payload": {"data": {"A": "123.913", "B": "0.080", "E": 1773190736206, "T": 1773190736206, "a": "2037.39", "b": "2037.38", "e": "bookTicker", "s": "ETHUSDT", "u": 10084749066240}, "stream": "ethusdt@bookTicker"}, "timestamp": "2026-03-11T00:58:56.223626+00:00"}
{"payload": {"data": {"A": "129.498", "B": "0.080", "E": 1773190736206, "T": 1773190736206, "a": "2037.39", "b": "2037.38", "e": "bookTicker", "s": "ETHUSDT", "u": 10084749066247}, "stream": "ethusdt@bookTicker"}, "timestamp": "2026-03-11T00:58:56.223674+00:00"}
{"payload": {"data": {"A": "135.084", "B": "0.080", "E": 1773190736206, "T": 1773190736206, "a": "2037.39", "b": "2037.38", "e": "bookTicker", "s": "ETHUSDT", "u": 10084749066259}, "stream": "ethusdt@bookTicker"}, "timestamp": "2026-03-11T00:58:56.223724+00:00"}
{"payload": {"data": {"A": "0.001", "B": "4.145", "E": 1773190736207, "T": 1773190736206, "a": "2037.36", "b": "2037.35", "e": "bookTicker", "s": "ETHUSDT", "u": 10084749066283}, "stream": "ethusdt@bookTicker"}, "timestamp": "2026-03-11T00:58:56.223765+00:00"}
{"payload": {"data": {"A": "13.092", "B": "4.145", "E": 1773190736207, "T": 1773190736206, "a": "2037.36", "b": "2037.35", "e": "bookTicker", "s": "ETHUSDT", "u": 10084749066284}, "stream": "ethusdt@bookTicker"}, "timestamp": "2026-03-11T00:58:56.223806+00:00"}
{"payload": {"data": {"A": "17.610", "B": "4.145", "E": 1773190736207, "T": 1773190736206, "a": "2037.36", "b": "2037.35", "e": "bookTicker", "s": "ETHUSDT", "u": 10084749066295}, "stream": "ethusdt@bookTicker"}, "timestamp": "2026-03-11T00:58:56.223850+00:00"}
{"payload": {"data": {"A": "23.193", "B": "4.145", "E": 1773190736207, "T": 1773190736206, "a": "2037.36", "b": "2037.35", "e": "bookTicker", "s": "ETHUSDT", "u": 10084749066319}, "stream": "ethusdt@bookTicker"}, "timestamp": "2026-03-11T00:58:56.223895+00:00"}
{"payload": {"data": {"A": "28.781", "B": "4.145", "E": 1773190736207, "T": 1773190736207, "a": "2037.36", "b": "2037.35", "e": "bookTicker", "s": "ETHUSDT", "u": 10084749066333}, "stream": "ethusdt@bookTicker"}, "timestamp": "2026-03-11T00:58:56.223948+00:00"}
{"payload": {"data": {"A": "29.048", "B": "4.145", "E": 1773190736207, "T": 1773190736207, "a": "2037.36", "b": "2037.35", "e": "bookTicker", "s": "ETHUSDT", "u": 10084749066375}, "stream": "ethusdt@bookTicker"}, "timestamp": "2026-03-11T00:58:56.223991+00:00"}
{"payload": {"data": {"E": 1773190736207, "T": 1773190736206, "X": "MARKET", "e": "trade", "m": true, "p": "2037.38", "q": "0.020", "s": "ETHUSDT", "t": 7750874502}, "stream": "ethusdt@trade"}, "timestamp": "2026-03-11T00:58:56.224035+00:00"}
{"payload": {"data": {"E": 1773190736207, "T": 1773190736206, "X": "MARKET", "e": "trade", "m": true, "p": "2037.38", "q": "0.020", "s": "ETHUSDT", "t": 7750874503}, "stream": "ethusdt@trade"}, "timestamp": "2026-03-11T00:58:56.224083+00:00"}
{"payload": {"data": {"E": 1773190736207, "T": 1773190736206, "X": "MARKET", "e": "trade", "m": true, "p": "2037.38", "q": "0.020", "s": "ETHUSDT", "t": 7750874504}, "stream": "ethusdt@trade"}, "timestamp": "2026-03-11T00:58:56.224127+00:00"}
{"payload": {"data": {"E": 1773190736207, "T": 1773190736206, "X": "MARKET", "e": "trade", "m": true, "p": "2037.38", "q": "0.020", "s": "ETHUSDT", "t": 7750874505}, "stream": "ethusdt@trade"}, "timestamp": "2026-03-11T00:58:56.224172+00:00"}
{"payload": {"data": {"E": 1773190736207, "T": 1773190736206, "X": "MARKET", "e": "trade", "m": true, "p": "2037.37", "q": "0.012", "s": "ETHUSDT", "t": 7750874506}, "stream": "ethusdt@trade"}, "timestamp": "2026-03-11T00:58:56.224216+00:00"}
{"payload": {"data": {"E": 1773190736207, "T": 1773190736206, "X": "MARKET", "e": "trade", "m": true, "p": "2037.37", "q": "0.017", "s": "ETHUSDT", "t": 7750874507}, "stream": "ethusdt@trade"}, "timestamp": "2026-03-11T00:58:56.224259+00:00"}
{"payload": {"data": {"E": 1773190736207, "T": 1773190736206, "X": "MARKET", "e": "trade", "m": true, "p": "2037.36", "q": "0.001", "s": "ETHUSDT", "t": 7750874508}, "stream": "ethusdt@trade"}, "timestamp": "2026-03-11T00:58:56.224302+00:00"}
{"payload": {"data": {"E": 1773190736207, "T": 1773190736206, "X": "MARKET", "e": "trade", "m": true, "p": "2037.36", "q": "0.122", "s": "ETHUSDT", "t": 7750874509}, "stream": "ethusdt@trade"}, "timestamp": "2026-03-11T00:58:56.224344+00:00"}
{"payload": {"data": {"A": "1948.20", "B": "225.70", "E": 1773190736207, "T": 1773190736207, "a": "86.0000", "b": "85.9900", "e": "bookTicker", "s": "SOLUSDT", "u": 10084749066384}, "stream": "solusdt@bookTicker"}, "timestamp": "2026-03-11T00:58:56.224505+00:00"}
{"payload": {"data": {"A": "1992.66", "B": "225.70", "E": 1773190736207, "T": 1773190736207, "a": "86.0000", "b": "85.9900", "e": "bookTicker", "s": "SOLUSDT", "u": 10084749066479}, "stream": "solusdt@bookTicker"}, "timestamp": "2026-03-11T00:58:56.224560+00:00"}
{"payload": {"data": {"A": "2037.12", "B": "225.70", "E": 1773190736208, "T": 1773190736207, "a": "86.0000", "b": "85.9900", "e": "bookTicker", "s": "SOLUSDT", "u": 10084749066632}, "stream": "solusdt@bookTicker"}, "timestamp": "2026-03-11T00:58:56.224602+00:00"}
{"payload": {"data": {"A": "34.637", "B": "4.145", "E": 1773190736207, "T": 1773190736207, "a": "2037.36", "b": "2037.35", "e": "bookTicker", "s": "ETHUSDT", "u": 10084749066376}, "stream": "ethusdt@bookTicker"}, "timestamp": "2026-03-11T00:58:56.224642+00:00"}
{"payload": {"data": {"A": "40.221", "B": "4.145", "E": 1773190736207, "T": 1773190736207, "a": "2037.36", "b": "2037.35", "e": "bookTicker", "s": "ETHUSDT", "u": 10084749066381}, "stream": "ethusdt@bookTicker"}, "timestamp": "2026-03-11T00:58:56.224683+00:00"}
{"payload": {"data": {"A": "44.817", "B": "4.145", "E": 1773190736207, "T": 1773190736207, "a": "2037.36", "b": "2037.35", "e": "bookTicker", "s": "ETHUSDT", "u": 10084749066392}, "stream": "ethusdt@bookTicker"}, "timestamp": "2026-03-11T00:58:56.224735+00:00"}
{"payload": {"data": {"A": "55.855", "B": "4.145", "E": 1773190736207, "T": 1773190736207, "a": "2037.36", "b": "2037.35", "e": "bookTicker", "s": "ETHUSDT", "u": 10084749066435}, "stream": "ethusdt@bookTicker"}, "timestamp": "2026-03-11T00:58:56.224784+00:00"}
{"payload": {"data": {"A": "60.875", "B": "4.145", "E": 1773190736207, "T": 1773190736207, "a": "2037.36", "b": "2037.35", "e": "bookTicker", "s": "ETHUSDT", "u": 10084749066520}, "stream": "ethusdt@bookTicker"}, "timestamp": "2026-03-11T00:58:56.224821+00:00"}
{"payload": {"data": {"A": "66.462", "B": "4.145", "E": 1773190736207, "T": 1773190736207, "a": "2037.36", "b": "2037.35", "e": "bookTicker", "s": "ETHUSDT", "u": 10084749066569}, "stream": "ethusdt@bookTicker"}, "timestamp": "2026-03-11T00:58:56.224863+00:00"}
{"payload": {"data": {"A": "72.043", "B": "4.145", "E": 1773190736207, "T": 1773190736207, "a": "2037.36", "b": "2037.35", "e": "bookTicker", "s": "ETHUSDT", "u": 10084749066585}, "stream": "ethusdt@bookTicker"}, "timestamp": "2026-03-11T00:58:56.224906+00:00"}
{"payload": {"data": {"A": "76.043", "B": "4.145", "E": 1773190736207, "T": 1773190736207, "a": "2037.36", "b": "2037.35", "e": "bookTicker", "s": "ETHUSDT", "u": 10084749066589}, "stream": "ethusdt@bookTicker"}, "timestamp": "2026-03-11T00:58:56.224948+00:00"}
{"payload": {"data": {"A": "87.207", "B": "4.145", "E": 1773190736207, "T": 1773190736207, "a": "2037.36", "b": "2037.35", "e": "bookTicker", "s": "ETHUSDT", "u": 10084749066590}, "stream": "ethusdt@bookTicker"}, "timestamp": "2026-03-11T00:58:56.224991+00:00"}
{"payload": {"data": {"A": "87.916", "B": "4.145", "E": 1773190736207, "T": 1773190736207, "a": "2037.36", "b": "2037.35", "e": "bookTicker", "s": "ETHUSDT", "u": 10084749066605}, "stream": "ethusdt@bookTicker"}, "timestamp": "2026-03-11T00:58:56.225037+00:00"}
{"payload": {"data": {"A": "91.916", "B": "4.145", "E": 1773190736208, "T": 1773190736207, "a": "2037.36", "b": "2037.35", "e": "bookTicker", "s": "ETHUSDT", "u": 10084749066634}, "stream": "ethusdt@bookTicker"}, "timestamp": "2026-03-11T00:58:56.225082+00:00"}
{"payload": {"data": {"A": "100.421", "B": "4.145", "E": 1773190736208, "T": 1773190736207, "a": "2037.36", "b": "2037.35", "e": "bookTicker", "s": "ETHUSDT", "u": 10084749066639}, "stream": "ethusdt@bookTicker"}, "timestamp": "2026-03-11T00:58:56.225124+00:00"}
{"payload": {"data": {"A": "104.421", "B": "4.145", "E": 1773190736208, "T": 1773190736207, "a": "2037.36", "b": "2037.35", "e": "bookTicker", "s": "ETHUSDT", "u": 10084749066642}, "stream": "ethusdt@bookTicker"}, "timestamp": "2026-03-11T00:58:56.225166+00:00"}
{"payload": {"data": {"A": "110.007", "B": "4.145", "E": 1773190736208, "T": 1773190736207, "a": "2037.36", "b": "2037.35", "e": "bookTicker", "s": "ETHUSDT", "u": 10084749066644}, "stream": "ethusdt@bookTicker"}, "timestamp": "2026-03-11T00:58:56.225207+00:00"}
{"payload": {"data": {"A": "115.592", "B": "4.145", "E": 1773190736208, "T": 1773190736208, "a": "2037.36", "b": "2037.35", "e": "bookTicker", "s": "ETHUSDT", "u": 10084749066662}, "stream": "ethusdt@bookTicker"}, "timestamp": "2026-03-11T00:58:56.225249+00:00"}
{"payload": {"data": {"A": "18.70500000", "B": "5.52160000", "a": "2038.53000000", "b": "2038.52000000", "s": "ETHUSDT", "u": 72977481414}, "stream": "ethusdt@bookTicker"}, "timestamp": "2026-03-11T00:58:56.225412+00:00"}
{"payload": {"data": {"A": "52676.30000000", "B": "85537.00000000", "a": "0.26220000", "b": "0.26210000", "s": "ADAUSDT", "u": 15351508467}, "stream": "adausdt@bookTicker"}, "timestamp": "2026-03-11T00:58:56.225465+00:00"}
{"payload": {"data": {"A": "1020.08300000", "B": "345.77800000", "a": "86.06000000", "b": "86.05000000", "s": "SOLUSDT", "u": 28259028602}, "stream": "solusdt@bookTicker"}, "timestamp": "2026-03-11T00:58:56.225516+00:00"}
{"payload": {"data": {"A": "927.13700000", "B": "345.77800000", "a": "86.06000000", "b": "86.05000000", "s": "SOLUSDT", "u": 28259028603}, "stream": "solusdt@bookTicker"}, "timestamp": "2026-03-11T00:58:56.225559+00:00"}
{"payload": {"data": {"A": "1992.66", "B": "225.70", "E": 1773190736209, "T": 1773190736208, "a": "86.0000", "b": "85.9900", "e": "bookTicker", "s": "SOLUSDT", "u": 10084749066891}, "stream": "solusdt@bookTicker"}, "timestamp": "2026-03-11T00:58:56.225609+00:00"}
{"payload": {"data": {"A": "115.592", "B": "4.144", "E": 1773190736208, "T": 1773190736208, "a": "2037.36", "b": "2037.35", "e": "bookTicker", "s": "ETHUSDT", "u": 10084749066683}, "stream": "ethusdt@bookTicker"}, "timestamp": "2026-03-11T00:58:56.225654+00:00"}
{"payload": {"data": {"A": "119.592", "B": "4.144", "E": 1773190736208, "T": 1773190736208, "a": "2037.36", "b": "2037.35", "e": "bookTicker", "s": "ETHUSDT", "u": 10084749066739}, "stream": "ethusdt@bookTicker"}, "timestamp": "2026-03-11T00:58:56.225693+00:00"}
{"payload": {"data": {"A": "121.394", "B": "4.144", "E": 1773190736208, "T": 1773190736208, "a": "2037.36", "b": "2037.35", "e": "bookTicker", "s": "ETHUSDT", "u": 10084749066749}, "stream": "ethusdt@bookTicker"}, "timestamp": "2026-03-11T00:58:56.225735+00:00"}
{"payload": {"data": {"A": "132.331", "B": "4.144", "E": 1773190736208, "T": 1773190736208, "a": "2037.36", "b": "2037.35", "e": "bookTicker", "s": "ETHUSDT", "u": 10084749066772}, "stream": "ethusdt@bookTicker"}, "timestamp": "2026-03-11T00:58:56.225777+00:00"}
{"payload": {"data": {"A": "136.331", "B": "4.144", "E": 1773190736208, "T": 1773190736208, "a": "2037.36", "b": "2037.35", "e": "bookTicker", "s": "ETHUSDT", "u": 10084749066778}, "stream": "ethusdt@bookTicker"}, "timestamp": "2026-03-11T00:58:56.225819+00:00"}
{"payload": {"data": {"A": "141.236", "B": "4.144", "E": 1773190736208, "T": 1773190736208, "a": "2037.36", "b": "2037.35", "e": "bookTicker", "s": "ETHUSDT", "u": 10084749066786}, "stream": "ethusdt@bookTicker"}, "timestamp": "2026-03-11T00:58:56.225857+00:00"}
{"payload": {"data": {"A": "141.726", "B": "4.144", "E": 1773190736208, "T": 1773190736208, "a": "2037.36", "b": "2037.35", "e": "bookTicker", "s": "ETHUSDT", "u": 10084749066808}, "stream": "ethusdt@bookTicker"}, "timestamp": "2026-03-11T00:58:56.225894+00:00"}
{"payload": {"data": {"A": "142.435", "B": "4.144", "E": 1773190736208, "T": 1773190736208, "a": "2037.36", "b": "2037.35", "e": "bookTicker", "s": "ETHUSDT", "u": 10084749066812}, "stream": "ethusdt@bookTicker"}, "timestamp": "2026-03-11T00:58:56.225938+00:00"}
{"payload": {"data": {"A": "159.158", "B": "4.144", "E": 1773190736208, "T": 1773190736208, "a": "2037.36", "b": "2037.35", "e": "bookTicker", "s": "ETHUSDT", "u": 10084749066833}, "stream": "ethusdt@bookTicker"}, "timestamp": "2026-03-11T00:58:56.225978+00:00"}
{"payload": {"data": {"A": "171.009", "B": "4.144", "E": 1773190736209, "T": 1773190736208, "a": "2037.36", "b": "2037.35", "e": "bookTicker", "s": "ETHUSDT", "u": 10084749066873}, "stream": "ethusdt@bookTicker"}, "timestamp": "2026-03-11T00:58:56.226023+00:00"}
{"payload": {"data": {"A": "171.021", "B": "4.144", "E": 1773190736209, "T": 1773190736208, "a": "2037.36", "b": "2037.35", "e": "bookTicker", "s": "ETHUSDT", "u": 10084749066886}, "stream": "ethusdt@bookTicker"}, "timestamp": "2026-03-11T00:58:56.226064+00:00"}
{"payload": {"data": {"A": "171.031", "B": "4.144", "E": 1773190736209, "T": 1773190736209, "a": "2037.36", "b": "2037.35", "e": "bookTicker", "s": "ETHUSDT", "u": 10084749066989}, "stream": "ethusdt@bookTicker"}, "timestamp": "2026-03-11T00:58:56.226107+00:00"}
{"payload": {"data": {"A": "2037.12", "B": "225.70", "E": 1773190736209, "T": 1773190736209, "a": "86.0000", "b": "85.9900", "e": "bookTicker", "s": "SOLUSDT", "u": 10084749067096}, "stream": "solusdt@bookTicker"}, "timestamp": "2026-03-11T00:58:56.226224+00:00"}
{"payload": {"data": {"A": "10.865", "B": "0.987", "E": 1773190736209, "T": 1773190736209, "a": "70026.10", "b": "70026.00", "e": "bookTicker", "s": "BTCUSDT", "u": 10084749067106}, "stream": "btcusdt@bookTicker"}, "timestamp": "2026-03-11T00:58:56.226279+00:00"}
{"payload": {"data": {"A": "1992.66", "B": "225.70", "E": 1773190736209, "T": 1773190736209, "a": "86.0000", "b": "85.9900", "e": "bookTicker", "s": "SOLUSDT", "u": 10084749067107}, "stream": "solusdt@bookTicker"}, "timestamp": "2026-03-11T00:58:56.226327+00:00"}
{"payload": {"data": {"A": "2162.66", "B": "225.70", "E": 1773190736209, "T": 1773190736209, "a": "86.0000", "b": "85.9900", "e": "bookTicker", "s": "SOLUSDT", "u": 10084749067200}, "stream": "solusdt@bookTicker"}, "timestamp": "2026-03-11T00:58:56.226375+00:00"}
{"payload": {"data": {"A": "2207.12", "B": "225.70", "E": 1773190736210, "T": 1773190736209, "a": "86.0000", "b": "85.9900", "e": "bookTicker", "s": "SOLUSDT", "u": 10084749067265}, "stream": "solusdt@bookTicker"}, "timestamp": "2026-03-11T00:58:56.226414+00:00"}
{"payload": {"data": {"A": "18.70990000", "B": "5.52160000", "a": "2038.53000000", "b": "2038.52000000", "s": "ETHUSDT", "u": 72977481422}, "stream": "ethusdt@bookTicker"}, "timestamp": "2026-03-11T00:58:56.226455+00:00"}
{"payload": {"data": {"A": "171.051", "B": "4.144", "E": 1773190736209, "T": 1773190736209, "a": "2037.36", "b": "2037.35", "e": "bookTicker", "s": "ETHUSDT", "u": 10084749067020}, "stream": "ethusdt@bookTicker"}, "timestamp": "2026-03-11T00:58:56.227792+00:00"}
{"payload": {"data": {"A": "180.861", "B": "4.144", "E": 1773190736209, "T": 1773190736209, "a": "2037.36", "b": "2037.35", "e": "bookTicker", "s": "ETHUSDT", "u": 10084749067029}, "stream": "ethusdt@bookTicker"}, "timestamp": "2026-03-11T00:58:56.227845+00:00"}
{"payload": {"data": {"A": "182.443", "B": "4.144", "E": 1773190736209, "T": 1773190736209, "a": "2037.36", "b": "2037.35", "e": "bookTicker", "s": "ETHUSDT", "u": 10084749067063}, "stream": "ethusdt@bookTicker"}, "timestamp": "2026-03-11T00:58:56.227892+00:00"}
{"payload": {"data": {"A": "205.786", "B": "4.144", "E": 1773190736209, "T": 1773190736209, "a": "2037.36", "b": "2037.35", "e": "bookTicker", "s": "ETHUSDT", "u": 10084749067072}, "stream": "ethusdt@bookTicker"}, "timestamp": "2026-03-11T00:58:56.227938+00:00"}
{"payload": {"data": {"A": "211.175", "B": "4.144", "E": 1773190736209, "T": 1773190736209, "a": "2037.36", "b": "2037.35", "e": "bookTicker", "s": "ETHUSDT", "u": 10084749067076}, "stream": "ethusdt@bookTicker"}, "timestamp": "2026-03-11T00:58:56.227978+00:00"}
{"payload": {"data": {"A": "211.884", "B": "4.144", "E": 1773190736209, "T": 1773190736209, "a": "2037.36", "b": "2037.35", "e": "bookTicker", "s": "ETHUSDT", "u": 10084749067080}, "stream": "ethusdt@bookTicker"}, "timestamp": "2026-03-11T00:58:56.228022+00:00"}
{"payload": {"data": {"A": "217.312", "B": "4.144", "E": 1773190736209, "T": 1773190736209, "a": "2037.36", "b": "2037.35", "e": "bookTicker", "s": "ETHUSDT", "u": 10084749067093}, "stream": "ethusdt@bookTicker"}, "timestamp": "2026-03-11T00:58:56.228064+00:00"}
{"payload": {"data": {"A": "227.020", "B": "4.144", "E": 1773190736209, "T": 1773190736209, "a": "2037.36", "b": "2037.35", "e": "bookTicker", "s": "ETHUSDT", "u": 10084749067121}, "stream": "ethusdt@bookTicker"}, "timestamp": "2026-03-11T00:58:56.228106+00:00"}
{"payload": {"data": {"A": "236.935", "B": "4.144", "E": 1773190736209, "T": 1773190736209, "a": "2037.36", "b": "2037.35", "e": "bookTicker", "s": "ETHUSDT", "u": 10084749067128}, "stream": "ethusdt@bookTicker"}, "timestamp": "2026-03-11T00:58:56.228149+00:00"}
{"payload": {"data": {"A": "243.622", "B": "4.144", "E": 1773190736209, "T": 1773190736209, "a": "2037.36", "b": "2037.35", "e": "bookTicker", "s": "ETHUSDT", "u": 10084749067149}, "stream": "ethusdt@bookTicker"}, "timestamp": "2026-03-11T00:58:56.228192+00:00"}
{"payload": {"data": {"A": "250.309", "B": "4.144", "E": 1773190736209, "T": 1773190736209, "a": "2037.36", "b": "2037.35", "e": "bookTicker", "s": "ETHUSDT", "u": 10084749067168}, "stream": "ethusdt@bookTicker"}, "timestamp": "2026-03-11T00:58:56.228236+00:00"}
{"payload": {"data": {"A": "254.309", "B": "4.144", "E": 1773190736209, "T": 1773190736209, "a": "2037.36", "b": "2037.35", "e": "bookTicker", "s": "ETHUSDT", "u": 10084749067172}, "stream": "ethusdt@bookTicker"}, "timestamp": "2026-03-11T00:58:56.228278+00:00"}
{"payload": {"data": {"A": "265.595", "B": "4.144", "E": 1773190736209, "T": 1773190736209, "a": "2037.36", "b": "2037.35", "e": "bookTicker", "s": "ETHUSDT", "u": 10084749067173}, "stream": "ethusdt@bookTicker"}, "timestamp": "2026-03-11T00:58:56.228321+00:00"}
{"payload": {"data": {"A": "276.881", "B": "4.144", "E": 1773190736209, "T": 1773190736209, "a": "2037.36", "b": "2037.35", "e": "bookTicker", "s": "ETHUSDT", "u": 10084749067190}, "stream": "ethusdt@bookTicker"}, "timestamp": "2026-03-11T00:58:56.228373+00:00"}
{"payload": {"data": {"A": "276.896", "B": "4.144", "E": 1773190736209, "T": 1773190736209, "a": "2037.36", "b": "2037.35", "e": "bookTicker", "s": "ETHUSDT", "u": 10084749067191}, "stream": "ethusdt@bookTicker"}, "timestamp": "2026-03-11T00:58:56.228414+00:00"}
{"payload": {"data": {"A": "282.249", "B": "4.144", "E": 1773190736209, "T": 1773190736209, "a": "2037.36", "b": "2037.35", "e": "bookTicker", "s": "ETHUSDT", "u": 10084749067193}, "stream": "ethusdt@bookTicker"}, "timestamp": "2026-03-11T00:58:56.228452+00:00"}
{"payload": {"data": {"A": "284.772", "B": "4.144", "E": 1773190736209, "T": 1773190736209, "a": "2037.36", "b": "2037.35", "e": "bookTicker", "s": "ETHUSDT", "u": 10084749067196}, "stream": "ethusdt@bookTicker"}, "timestamp": "2026-03-11T00:58:56.228491+00:00"}
{"payload": {"data": {"A": "287.295", "B": "4.144", "E": 1773190736209, "T": 1773190736209, "a": "2037.36", "b": "2037.35", "e": "bookTicker", "s": "ETHUSDT", "u": 10084749067197}, "stream": "ethusdt@bookTicker"}, "timestamp": "2026-03-11T00:58:56.228531+00:00"}
{"payload": {"data": {"A": "290.969", "B": "4.144", "E": 1773190736209, "T": 1773190736209, "a": "2037.36", "b": "2037.35", "e": "bookTicker", "s": "ETHUSDT", "u": 10084749067202}, "stream": "ethusdt@bookTicker"}, "timestamp": "2026-03-11T00:58:56.228571+00:00"}
{"payload": {"data": {"A": "294.643", "B": "4.144", "E": 1773190736209, "T": 1773190736209, "a": "2037.36", "b": "2037.35", "e": "bookTicker", "s": "ETHUSDT", "u": 10084749067216}, "stream": "ethusdt@bookTicker"}, "timestamp": "2026-03-11T00:58:56.228612+00:00"}
{"payload": {"data": {"A": "297.166", "B": "4.144", "E": 1773190736209, "T": 1773190736209, "a": "2037.36", "b": "2037.35", "e": "bookTicker", "s": "ETHUSDT", "u": 10084749067217}, "stream": "ethusdt@bookTicker"}, "timestamp": "2026-03-11T00:58:56.228657+00:00"}
{"payload": {"data": {"A": "308.257", "B": "4.144", "E": 1773190736209, "T": 1773190736209, "a": "2037.36", "b": "2037.35", "e": "bookTicker", "s": "ETHUSDT", "u": 10084749067218}, "stream": "ethusdt@bookTicker"}, "timestamp": "2026-03-11T00:58:56.228695+00:00"}
{"payload": {"data": {"A": "319.348", "B": "4.144", "E": 1773190736209, "T": 1773190736209, "a": "2037.36", "b": "2037.35", "e": "bookTicker", "s": "ETHUSDT", "u": 10084749067221}, "stream": "ethusdt@bookTicker"}, "timestamp": "2026-03-11T00:58:56.228733+00:00"}
{"payload": {"data": {"A": "330.634", "B": "4.144", "E": 1773190736210, "T": 1773190736209, "a": "2037.36", "b": "2037.35", "e": "bookTicker", "s": "ETHUSDT", "u": 10084749067226}, "stream": "ethusdt@bookTicker"}, "timestamp": "2026-03-11T00:58:56.228776+00:00"}
{"payload": {"data": {"A": "333.157", "B": "4.144", "E": 1773190736210, "T": 1773190736209, "a": "2037.36", "b": "2037.35", "e": "bookTicker", "s": "ETHUSDT", "u": 10084749067227}, "stream": "ethusdt@bookTicker"}, "timestamp": "2026-03-11T00:58:56.228813+00:00"}
{"payload": {"data": {"A": "339.844", "B": "4.144", "E": 1773190736210, "T": 1773190736209, "a": "2037.36", "b": "2037.35", "e": "bookTicker", "s": "ETHUSDT", "u": 10084749067233}, "stream": "ethusdt@bookTicker"}, "timestamp": "2026-03-11T00:58:56.228851+00:00"}
{"payload": {"data": {"A": "350.935", "B": "4.144", "E": 1773190736210, "T": 1773190736209, "a": "2037.36", "b": "2037.35", "e": "bookTicker", "s": "ETHUSDT", "u": 10084749067238}, "stream": "ethusdt@bookTicker"}, "timestamp": "2026-03-11T00:58:56.228894+00:00"}
{"payload": {"data": {"A": "357.622", "B": "4.144", "E": 1773190736210, "T": 1773190736209, "a": "2037.36", "b": "2037.35", "e": "bookTicker", "s": "ETHUSDT", "u": 10084749067240}, "stream": "ethusdt@bookTicker"}, "timestamp": "2026-03-11T00:58:56.228931+00:00"}
{"payload": {"data": {"A": "368.713", "B": "4.144", "E": 1773190736210, "T": 1773190736209, "a": "2037.36", "b": "2037.35", "e": "bookTicker", "s": "ETHUSDT", "u": 10084749067241}, "stream": "ethusdt@bookTicker"}, "timestamp": "2026-03-11T00:58:56.228977+00:00"}
{"payload": {"data": {"A": "379.999", "B": "4.144", "E": 1773190736210, "T": 1773190736209, "a": "2037.36", "b": "2037.35", "e": "bookTicker", "s": "ETHUSDT", "u": 10084749067242}, "stream": "ethusdt@bookTicker"}, "timestamp": "2026-03-11T00:58:56.229019+00:00"}
{"payload": {"data": {"A": "375.999", "B": "4.144", "E": 1773190736210, "T": 1773190736209, "a": "2037.36", "b": "2037.35", "e": "bookTicker", "s": "ETHUSDT", "u": 10084749067243}, "stream": "ethusdt@bookTicker"}, "timestamp": "2026-03-11T00:58:56.229059+00:00"}
{"payload": {"data": {"A": "387.285", "B": "4.144", "E": 1773190736210, "T": 1773190736209, "a": "2037.36", "b": "2037.35", "e": "bookTicker", "s": "ETHUSDT", "u": 10084749067244}, "stream": "ethusdt@bookTicker"}, "timestamp": "2026-03-11T00:58:56.229099+00:00"}
{"payload": {"data": {"A": "398.571", "B": "4.144", "E": 1773190736210, "T": 1773190736209, "a": "2037.36", "b": "2037.35", "e": "bookTicker", "s": "ETHUSDT", "u": 10084749067254}, "stream": "ethusdt@bookTicker"}, "timestamp": "2026-03-11T00:58:56.229141+00:00"}
{"payload": {"data": {"A": "409.857", "B": "4.144", "E": 1773190736210, "T": 1773190736209, "a": "2037.36", "b": "2037.35", "e": "bookTicker", "s": "ETHUSDT", "u": 10084749067255}, "stream": "ethusdt@bookTicker"}, "timestamp": "2026-03-11T00:58:56.229182+00:00"}
{"payload": {"data": {"A": "414.357", "B": "4.144", "E": 1773190736210, "T": 1773190736209, "a": "2037.36", "b": "2037.35", "e": "bookTicker", "s": "ETHUSDT", "u": 10084749067260}, "stream": "ethusdt@bookTicker"}, "timestamp": "2026-03-11T00:58:56.229223+00:00"}
{"payload": {"data": {"A": "418.031", "B": "4.144", "E": 1773190736210, "T": 1773190736209, "a": "2037.36", "b": "2037.35", "e": "bookTicker", "s": "ETHUSDT", "u": 10084749067266}, "stream": "ethusdt@bookTicker"}, "timestamp": "2026-03-11T00:58:56.229265+00:00"}
{"payload": {"data": {"A": "421.705", "B": "4.144", "E": 1773190736210, "T": 1773190736209, "a": "2037.36", "b": "2037.35", "e": "bookTicker", "s": "ETHUSDT", "u": 10084749067269}, "stream": "ethusdt@bookTicker"}, "timestamp": "2026-03-11T00:58:56.229306+00:00"}
{"payload": {"data": {"A": "421.717", "B": "4.144", "E": 1773190736210, "T": 1773190736209, "a": "2037.36", "b": "2037.35", "e": "bookTicker", "s": "ETHUSDT", "u": 10084749067273}, "stream": "ethusdt@bookTicker"}, "timestamp": "2026-03-11T00:58:56.229347+00:00"}
{"payload": {"data": {"A": "424.240", "B": "4.144", "E": 1773190736210, "T": 1773190736209, "a": "2037.36", "b": "2037.35", "e": "bookTicker", "s": "ETHUSDT", "u": 10084749067276}, "stream": "ethusdt@bookTicker"}, "timestamp": "2026-03-11T00:58:56.229390+00:00"}
{"payload": {"data": {"A": "426.763", "B": "4.144", "E": 1773190736210, "T": 1773190736209, "a": "2037.36", "b": "2037.35", "e": "bookTicker", "s": "ETHUSDT", "u": 10084749067277}, "stream": "ethusdt@bookTicker"}, "timestamp": "2026-03-11T00:58:56.229431+00:00"}
{"payload": {"data": {"A": "437.854", "B": "4.144", "E": 1773190736210, "T": 1773190736209, "a": "2037.36", "b": "2037.35", "e": "bookTicker", "s": "ETHUSDT", "u": 10084749067278}, "stream": "ethusdt@bookTicker"}, "timestamp": "2026-03-11T00:58:56.229473+00:00"}
{"payload": {"data": {"A": "440.377", "B": "4.144", "E": 1773190736210, "T": 1773190736209, "a": "2037.36", "b": "2037.35", "e": "bookTicker", "s": "ETHUSDT", "u": 10084749067279}, "stream": "ethusdt@bookTicker"}, "timestamp": "2026-03-11T00:58:56.229515+00:00"}
{"payload": {"data": {"A": "442.900", "B": "4.144", "E": 1773190736210, "T": 1773190736209, "a": "2037.36", "b": "2037.35", "e": "bookTicker", "s": "ETHUSDT", "u": 10084749067280}, "stream": "ethusdt@bookTicker"}, "timestamp": "2026-03-11T00:58:56.229561+00:00"}
{"payload": {"data": {"A": "449.587", "B": "4.144", "E": 1773190736210, "T": 1773190736209, "a": "2037.36", "b": "2037.35", "e": "bookTicker", "s": "ETHUSDT", "u": 10084749067283}, "stream": "ethusdt@bookTicker"}, "timestamp": "2026-03-11T00:58:56.229604+00:00"}
{"payload": {"data": {"A": "453.261", "B": "4.144", "E": 1773190736210, "T": 1773190736209, "a": "2037.36", "b": "2037.35", "e": "bookTicker", "s": "ETHUSDT", "u": 10084749067284}, "stream": "ethusdt@bookTicker"}, "timestamp": "2026-03-11T00:58:56.229648+00:00"}
{"payload": {"data": {"A": "455.784", "B": "4.144", "E": 1773190736210, "T": 1773190736209, "a": "2037.36", "b": "2037.35", "e": "bookTicker", "s": "ETHUSDT", "u": 10084749067285}, "stream": "ethusdt@bookTicker"}, "timestamp": "2026-03-11T00:58:56.229696+00:00"}
{"payload": {"data": {"A": "459.458", "B": "4.144", "E": 1773190736210, "T": 1773190736209, "a": "2037.36", "b": "2037.35", "e": "bookTicker", "s": "ETHUSDT", "u": 10084749067286}, "stream": "ethusdt@bookTicker"}, "timestamp": "2026-03-11T00:58:56.229733+00:00"}
{"payload": {"data": {"A": "461.981", "B": "4.144", "E": 1773190736210, "T": 1773190736209, "a": "2037.36", "b": "2037.35", "e": "bookTicker", "s": "ETHUSDT", "u": 10084749067287}, "stream": "ethusdt@bookTicker"}, "timestamp": "2026-03-11T00:58:56.229772+00:00"}
{"payload": {"data": {"A": "468.231", "B": "4.144", "E": 1773190736210, "T": 1773190736209, "a": "2037.36", "b": "2037.35", "e": "bookTicker", "s": "ETHUSDT", "u": 10084749067289}, "stream": "ethusdt@bookTicker"}, "timestamp": "2026-03-11T00:58:56.229809+00:00"}
{"payload": {"data": {"A": "479.322", "B": "4.144", "E": 1773190736210, "T": 1773190736209, "a": "2037.36", "b": "2037.35", "e": "bookTicker", "s": "ETHUSDT", "u": 10084749067299}, "stream": "ethusdt@bookTicker"}, "timestamp": "2026-03-11T00:58:56.229845+00:00"}
{"payload": {"data": {"A": "482.996", "B": "4.144", "E": 1773190736210, "T": 1773190736209, "a": "2037.36", "b": "2037.35", "e": "bookTicker", "s": "ETHUSDT", "u": 10084749067300}, "stream": "ethusdt@bookTicker"}, "timestamp": "2026-03-11T00:58:56.229883+00:00"}
{"payload": {"data": {"A": "494.087", "B": "4.144", "E": 1773190736210, "T": 1773190736209, "a": "2037.36", "b": "2037.35", "e": "bookTicker", "s": "ETHUSDT", "u": 10084749067303}, "stream": "ethusdt@bookTicker"}, "timestamp": "2026-03-11T00:58:56.229922+00:00"}
{"payload": {"data": {"A": "505.178", "B": "4.144", "E": 1773190736210, "T": 1773190736209, "a": "2037.36", "b": "2037.35", "e": "bookTicker", "s": "ETHUSDT", "u": 10084749067304}, "stream": "ethusdt@bookTicker"}, "timestamp": "2026-03-11T00:58:56.229960+00:00"}
{"payload": {"data": {"A": "511.865", "B": "4.144", "E": 1773190736210, "T": 1773190736210, "a": "2037.36", "b": "2037.35", "e": "bookTicker", "s": "ETHUSDT", "u": 10084749067318}, "stream": "ethusdt@bookTicker"}, "timestamp": "2026-03-11T00:58:56.230003+00:00"}
{"payload": {"data": {"A": "523.151", "B": "4.144", "E": 1773190736210, "T": 1773190736210, "a": "2037.36", "b": "2037.35", "e": "bookTicker", "s": "ETHUSDT", "u": 10084749067319}, "stream": "ethusdt@bookTicker"}, "timestamp": "2026-03-11T00:58:56.230050+00:00"}
{"payload": {"data": {"A": "534.242", "B": "4.144", "E": 1773190736210, "T": 1773190736210, "a": "2037.36", "b": "2037.35", "e": "bookTicker", "s": "ETHUSDT", "u": 10084749067320}, "stream": "ethusdt@bookTicker"}, "timestamp": "2026-03-11T00:58:56.230092+00:00"}
{"payload": {"data": {"A": "540.929", "B": "4.144", "E": 1773190736210, "T": 1773190736210, "a": "2037.36", "b": "2037.35", "e": "bookTicker", "s": "ETHUSDT", "u": 10084749067321}, "stream": "ethusdt@bookTicker"}, "timestamp": "2026-03-11T00:58:56.230135+00:00"}
{"payload": {"data": {"A": "547.616", "B": "4.144", "E": 1773190736210, "T": 1773190736210, "a": "2037.36", "b": "2037.35", "e": "bookTicker", "s": "ETHUSDT", "u": 10084749067324}, "stream": "ethusdt@bookTicker"}, "timestamp": "2026-03-11T00:58:56.230176+00:00"}
{"payload": {"data": {"A": "551.290", "B": "4.144", "E": 1773190736210, "T": 1773190736210, "a": "2037.36", "b": "2037.35", "e": "bookTicker", "s": "ETHUSDT", "u": 10084749067327}, "stream": "ethusdt@bookTicker"}, "timestamp": "2026-03-11T00:58:56.230219+00:00"}
{"payload": {"data": {"A": "562.576", "B": "4.144", "E": 1773190736210, "T": 1773190736210, "a": "2037.36", "b": "2037.35", "e": "bookTicker", "s": "ETHUSDT", "u": 10084749067341}, "stream": "ethusdt@bookTicker"}, "timestamp": "2026-03-11T00:58:56.230269+00:00"}
{"payload": {"data": {"A": "569.263", "B": "4.144", "E": 1773190736210, "T": 1773190736210, "a": "2037.36", "b": "2037.35", "e": "bookTicker", "s": "ETHUSDT", "u": 10084749067351}, "stream": "ethusdt@bookTicker"}, "timestamp": "2026-03-11T00:58:56.230312+00:00"}
{"payload": {"data": {"A": "572.937", "B": "4.144", "E": 1773190736210, "T": 1773190736210, "a": "2037.36", "b": "2037.35", "e": "bookTicker", "s": "ETHUSDT", "u": 10084749067354}, "stream": "ethusdt@bookTicker"}, "timestamp": "2026-03-11T00:58:56.230358+00:00"}
{"payload": {"data": {"A": "579.624", "B": "4.144", "E": 1773190736210, "T": 1773190736210, "a": "2037.36", "b": "2037.35", "e": "bookTicker", "s": "ETHUSDT", "u": 10084749067355}, "stream": "ethusdt@bookTicker"}, "timestamp": "2026-03-11T00:58:56.230402+00:00"}
{"payload": {"data": {"A": "583.298", "B": "4.144", "E": 1773190736210, "T": 1773190736210, "a": "2037.36", "b": "2037.35", "e": "bookTicker", "s": "ETHUSDT", "u": 10084749067356}, "stream": "ethusdt@bookTicker"}, "timestamp": "2026-03-11T00:58:56.230445+00:00"}
{"payload": {"data": {"A": "579.298", "B": "4.144", "E": 1773190736210, "T": 1773190736210, "a": "2037.36", "b": "2037.35", "e": "bookTicker", "s": "ETHUSDT", "u": 10084749067370}, "stream": "ethusdt@bookTicker"}, "timestamp": "2026-03-11T00:58:56.230491+00:00"}
{"payload": {"data": {"A": "575.298", "B": "4.144", "E": 1773190736210, "T": 1773190736210, "a": "2037.36", "b": "2037.35", "e": "bookTicker", "s": "ETHUSDT", "u": 10084749067378}, "stream": "ethusdt@bookTicker"}, "timestamp": "2026-03-11T00:58:56.230534+00:00"}
{"payload": {"data": {"A": "574.589", "B": "4.144", "E": 1773190736210, "T": 1773190736210, "a": "2037.36", "b": "2037.35", "e": "bookTicker", "s": "ETHUSDT", "u": 10084749067379}, "stream": "ethusdt@bookTicker"}, "timestamp": "2026-03-11T00:58:56.230578+00:00"}
{"payload": {"data": {"A": "585.680", "B": "4.144", "E": 1773190736210, "T": 1773190736210, "a": "2037.36", "b": "2037.35", "e": "bookTicker", "s": "ETHUSDT", "u": 10084749067389}, "stream": "ethusdt@bookTicker"}, "timestamp": "2026-03-11T00:58:56.230622+00:00"}
{"payload": {"data": {"A": "2162.66", "B": "225.70", "E": 1773190736210, "T": 1773190736210, "a": "86.0000", "b": "85.9900", "e": "bookTicker", "s": "SOLUSDT", "u": 10084749067493}, "stream": "solusdt@bookTicker"}, "timestamp": "2026-03-11T00:58:56.230666+00:00"}
{"payload": {"data": {"A": "2207.12", "B": "225.70", "E": 1773190736211, "T": 1773190736211, "a": "86.0000", "b": "85.9900", "e": "bookTicker", "s": "SOLUSDT", "u": 10084749067573}, "stream": "solusdt@bookTicker"}, "timestamp": "2026-03-11T00:58:56.230709+00:00"}
{"payload": {"data": {"A": "2037.12", "B": "225.70", "E": 1773190736211, "T": 1773190736211, "a": "86.0000", "b": "85.9900", "e": "bookTicker", "s": "SOLUSDT", "u": 10084749067612}, "stream": "solusdt@bookTicker"}, "timestamp": "2026-03-11T00:58:56.230754+00:00"}
{"payload": {"data": {"A": "1.65021000", "B": "0.05563000", "a": "70074.71000000", "b": "70074.70000000", "s": "BTCUSDT", "u": 89876265333}, "stream": "btcusdt@bookTicker"}, "timestamp": "2026-03-11T00:58:56.230799+00:00"}
{"payload": {"data": {"A": "588.087", "B": "4.144", "E": 1773190736210, "T": 1773190736210, "a": "2037.36", "b": "2037.35", "e": "bookTicker", "s": "ETHUSDT", "u": 10084749067390}, "stream": "ethusdt@bookTicker"}, "timestamp": "2026-03-11T00:58:56.231235+00:00"}
{"payload": {"data": {"A": "571.364", "B": "4.144", "E": 1773190736210, "T": 1773190736210, "a": "2037.36", "b": "2037.35", "e": "bookTicker", "s": "ETHUSDT", "u": 10084749067399}, "stream": "ethusdt@bookTicker"}, "timestamp": "2026-03-11T00:58:56.231287+00:00"}
{"payload": {"data": {"A": "582.650", "B": "4.144", "E": 1773190736210, "T": 1773190736210, "a": "2037.36", "b": "2037.35", "e": "bookTicker", "s": "ETHUSDT", "u": 10084749067410}, "stream": "ethusdt@bookTicker"}, "timestamp": "2026-03-11T00:58:56.231335+00:00"}
{"payload": {"data": {"A": "587.150", "B": "4.144", "E": 1773190736210, "T": 1773190736210, "a": "2037.36", "b": "2037.35", "e": "bookTicker", "s": "ETHUSDT", "u": 10084749067436}, "stream": "ethusdt@bookTicker"}, "timestamp": "2026-03-11T00:58:56.231388+00:00"}
{"payload": {"data": {"A": "587.859", "B": "4.144", "E": 1773190736210, "T": 1773190736210, "a": "2037.36", "b": "2037.35", "e": "bookTicker", "s": "ETHUSDT", "u": 10084749067447}, "stream": "ethusdt@bookTicker"}, "timestamp": "2026-03-11T00:58:56.231434+00:00"}
{"payload": {"data": {"A": "582.272", "B": "4.144", "E": 1773190736210, "T": 1773190736210, "a": "2037.36", "b": "2037.35", "e": "bookTicker", "s": "ETHUSDT", "u": 10084749067449}, "stream": "ethusdt@bookTicker"}, "timestamp": "2026-03-11T00:58:56.231472+00:00"}
{"payload": {"data": {"A": "571.335", "B": "4.144", "E": 1773190736210, "T": 1773190736210, "a": "2037.36", "b": "2037.35", "e": "bookTicker", "s": "ETHUSDT", "u": 10084749067462}, "stream": "ethusdt@bookTicker"}, "timestamp": "2026-03-11T00:58:56.231518+00:00"}
{"payload": {"data": {"A": "565.754", "B": "4.144", "E": 1773190736210, "T": 1773190736210, "a": "2037.36", "b": "2037.35", "e": "bookTicker", "s": "ETHUSDT", "u": 10084749067500}, "stream": "ethusdt@bookTicker"}, "timestamp": "2026-03-11T00:58:56.231559+00:00"}
{"payload": {"data": {"A": "560.168", "B": "4.144", "E": 1773190736211, "T": 1773190736210, "a": "2037.36", "b": "2037.35", "e": "bookTicker", "s": "ETHUSDT", "u": 10084749067501}, "stream": "ethusdt@bookTicker"}, "timestamp": "2026-03-11T00:58:56.231597+00:00"}
{"payload": {"data": {"A": "554.583", "B": "4.144", "E": 1773190736211, "T": 1773190736210, "a": "2037.36", "b": "2037.35", "e": "bookTicker", "s": "ETHUSDT", "u": 10084749067512}, "stream": "ethusdt@bookTicker"}, "timestamp": "2026-03-11T00:58:56.231641+00:00"}
{"payload": {"data": {"A": "543.278", "B": "4.144", "E": 1773190736211, "T": 1773190736210, "a": "2037.36", "b": "2037.35", "e": "bookTicker", "s": "ETHUSDT", "u": 10084749067553}, "stream": "ethusdt@bookTicker"}, "timestamp": "2026-03-11T00:58:56.231684+00:00"}
{"payload": {"data": {"A": "542.569", "B": "4.144", "E": 1773190736211, "T": 1773190736211, "a": "2037.36", "b": "2037.35", "e": "bookTicker", "s": "ETHUSDT", "u": 10084749067558}, "stream": "ethusdt@bookTicker"}, "timestamp": "2026-03-11T00:58:56.231729+00:00"}
{"payload": {"data": {"A": "542.589", "B": "4.144", "E": 1773190736211, "T": 1773190736211, "a": "2037.36", "b": "2037.35", "e": "bookTicker", "s": "ETHUSDT", "u": 10084749067581}, "stream": "ethusdt@bookTicker"}, "timestamp": "2026-03-11T00:58:56.231772+00:00"}
{"payload": {"data": {"A": "537.000", "B": "4.144", "E": 1773190736211, "T": 1773190736211, "a": "2037.36", "b": "2037.35", "e": "bookTicker", "s": "ETHUSDT", "u": 10084749067582}, "stream": "ethusdt@bookTicker"}, "timestamp": "2026-03-11T00:58:56.231809+00:00"}
{"payload": {"data": {"A": "531.416", "B": "4.144", "E": 1773190736211, "T": 1773190736211, "a": "2037.36", "b": "2037.35", "e": "bookTicker", "s": "ETHUSDT", "u": 10084749067584}, "stream": "ethusdt@bookTicker"}, "timestamp": "2026-03-11T00:58:56.231846+00:00"}
{"payload": {"data": {"A": "526.511", "B": "4.144", "E": 1773190736211, "T": 1773190736211, "a": "2037.36", "b": "2037.35", "e": "bookTicker", "s": "ETHUSDT", "u": 10084749067637}, "stream": "ethusdt@bookTicker"}, "timestamp": "2026-03-11T00:58:56.231888+00:00"}
{"payload": {"data": {"A": "525.802", "B": "4.144", "E": 1773190736211, "T": 1773190736211, "a": "2037.36", "b": "2037.35", "e": "bookTicker", "s": "ETHUSDT", "u": 10084749067650}, "stream": "ethusdt@bookTicker"}, "timestamp": "2026-03-11T00:58:56.231929+00:00"}
{"payload": {"data": {"A": "514.516", "B": "4.144", "E": 1773190736211, "T": 1773190736211, "a": "2037.36", "b": "2037.35", "e": "bookTicker", "s": "ETHUSDT", "u": 10084749067656}, "stream": "ethusdt@bookTicker"}, "timestamp": "2026-03-11T00:58:56.231973+00:00"}
{"payload": {"data": {"A": "503.352", "B": "4.144", "E": 1773190736211, "T": 1773190736211, "a": "2037.36", "b": "2037.35", "e": "bookTicker", "s": "ETHUSDT", "u": 10084749067660}, "stream": "ethusdt@bookTicker"}, "timestamp": "2026-03-11T00:58:56.232012+00:00"}
{"payload": {"data": {"A": "323277", "B": "117456", "E": 1773190736211, "T": 1773190736211, "a": "0.26210", "b": "0.26200", "e": "bookTicker", "s": "ADAUSDT", "u": 10084749067789}, "stream": "adausdt@bookTicker"}, "timestamp": "2026-03-11T00:58:56.232072+00:00"}
{"payload": {"data": {"E": 1773190736211, "T": 1773190736211, "X": "MARKET", "e": "trade", "m": true, "p": "446.38", "q": "0.090", "s": "BCHUSDT", "t": 1226690572}, "stream": "bchusdt@trade"}, "timestamp": "2026-03-11T00:58:56.232114+00:00"}
{"payload": {"data": {"E": 1773190736211, "T": 1773190736211, "X": "MARKET", "e": "trade", "m": true, "p": "446.38", "q": "0.050", "s": "BCHUSDT", "t": 1226690573}, "stream": "bchusdt@trade"}, "timestamp": "2026-03-11T00:58:56.232157+00:00"}
{"payload": {"data": {"A": "0.894", "B": "3.667", "E": 1773190736211, "T": 1773190736211, "a": "446.38", "b": "446.37", "e": "bookTicker", "s": "BCHUSDT", "u": 10084749067750}, "stream": "bchusdt@bookTicker"}, "timestamp": "2026-03-11T00:58:56.232200+00:00"}
{"payload": {"data": {"A": "1992.66", "B": "225.70", "E": 1773190736211, "T": 1773190736211, "a": "86.0000", "b": "85.9900", "e": "bookTicker", "s": "SOLUSDT", "u": 10084749067783}, "stream": "solusdt@bookTicker"}, "timestamp": "2026-03-11T00:58:56.232242+00:00"}
{"payload": {"data": {"A": "10.476", "B": "0.987", "E": 1773190736211, "T": 1773190736211, "a": "70026.10", "b": "70026.00", "e": "bookTicker", "s": "BTCUSDT", "u": 10084749067803}, "stream": "btcusdt@bookTicker"}, "timestamp": "2026-03-11T00:58:56.232284+00:00"}
{"payload": {"data": {"A": "2037.12", "B": "225.70", "E": 1773190736211, "T": 1773190736211, "a": "86.0000", "b": "85.9900", "e": "bookTicker", "s": "SOLUSDT", "u": 10084749067813}, "stream": "solusdt@bookTicker"}, "timestamp": "2026-03-11T00:58:56.232326+00:00"}
{"payload": {"data": {"A": "10.865", "B": "0.987", "E": 1773190736212, "T": 1773190736211, "a": "70026.10", "b": "70026.00", "e": "bookTicker", "s": "BTCUSDT", "u": 10084749067850}, "stream": "btcusdt@bookTicker"}, "timestamp": "2026-03-11T00:58:56.232368+00:00"}
{"payload": {"data": {"A": "503.352", "B": "4.164", "E": 1773190736211, "T": 1773190736211, "a": "2037.36", "b": "2037.35", "e": "bookTicker", "s": "ETHUSDT", "u": 10084749067673}, "stream": "ethusdt@bookTicker"}, "timestamp": "2026-03-11T00:58:56.232410+00:00"}
{"payload": {"data": {"A": "499.352", "B": "4.164", "E": 1773190736211, "T": 1773190736211, "a": "2037.36", "b": "2037.35", "e": "bookTicker", "s": "ETHUSDT", "u": 10084749067678}, "stream": "ethusdt@bookTicker"}, "timestamp": "2026-03-11T00:58:56.232451+00:00"}
{"payload": {"data": {"A": "500.061", "B": "4.164", "E": 1773190736211, "T": 1773190736211, "a": "2037.36", "b": "2037.35", "e": "bookTicker", "s": "ETHUSDT", "u": 10084749067686}, "stream": "ethusdt@bookTicker"}, "timestamp": "2026-03-11T00:58:56.232492+00:00"}
{"payload": {"data": {"A": "499.352", "B": "4.164", "E": 1773190736211, "T": 1773190736211, "a": "2037.36", "b": "2037.35", "e": "bookTicker", "s": "ETHUSDT", "u": 10084749067689}, "stream": "ethusdt@bookTicker"}, "timestamp": "2026-03-11T00:58:56.232534+00:00"}
{"payload": {"data": {"A": "496.829", "B": "4.164", "E": 1773190736211, "T": 1773190736211, "a": "2037.36", "b": "2037.35", "e": "bookTicker", "s": "ETHUSDT", "u": 10084749067691}, "stream": "ethusdt@bookTicker"}, "timestamp": "2026-03-11T00:58:56.232577+00:00"}
{"payload": {"data": {"A": "485.543", "B": "4.164", "E": 1773190736211, "T": 1773190736211, "a": "2037.36", "b": "2037.35", "e": "bookTicker", "s": "ETHUSDT", "u": 10084749067722}, "stream": "ethusdt@bookTicker"}, "timestamp": "2026-03-11T00:58:56.232619+00:00"}
{"payload": {"data": {"A": "474.452", "B": "4.164", "E": 1773190736211, "T": 1773190736211, "a": "2037.36", "b": "2037.35", "e": "bookTicker", "s": "ETHUSDT", "u": 10084749067727}, "stream": "ethusdt@bookTicker"}, "timestamp": "2026-03-11T00:58:56.232660+00:00"}
{"payload": {"data": {"A": "467.765", "B": "4.164", "E": 1773190736211, "T": 1773190736211, "a": "2037.36", "b": "2037.35", "e": "bookTicker", "s": "ETHUSDT", "u": 10084749067728}, "stream": "ethusdt@bookTicker"}, "timestamp": "2026-03-11T00:58:56.232707+00:00"}
{"payload": {"data": {"A": "456.479", "B": "4.164", "E": 1773190736211, "T": 1773190736211, "a": "2037.36", "b": "2037.35", "e": "bookTicker", "s": "ETHUSDT", "u": 10084749067731}, "stream": "ethusdt@bookTicker"}, "timestamp": "2026-03-11T00:58:56.232748+00:00"}
{"payload": {"data": {"A": "445.193", "B": "4.164", "E": 1773190736211, "T": 1773190736211, "a": "2037.36", "b": "2037.35", "e": "bookTicker", "s": "ETHUSDT", "u": 10084749067737}, "stream": "ethusdt@bookTicker"}, "timestamp": "2026-03-11T00:58:56.232790+00:00"}
{"payload": {"data": {"A": "438.506", "B": "4.164", "E": 1773190736211, "T": 1773190736211, "a": "2037.36", "b": "2037.35", "e": "bookTicker", "s": "ETHUSDT", "u": 10084749067738}, "stream": "ethusdt@bookTicker"}, "timestamp": "2026-03-11T00:58:56.232832+00:00"}
{"payload": {"data": {"A": "434.832", "B": "4.164", "E": 1773190736211, "T": 1773190736211, "a": "2037.36", "b": "2037.35", "e": "bookTicker", "s": "ETHUSDT", "u": 10084749067739}, "stream": "ethusdt@bookTicker"}, "timestamp": "2026-03-11T00:58:56.232874+00:00"}
{"payload": {"data": {"A": "423.546", "B": "4.164", "E": 1773190736211, "T": 1773190736211, "a": "2037.36", "b": "2037.35", "e": "bookTicker", "s": "ETHUSDT", "u": 10084749067759}, "stream": "ethusdt@bookTicker"}, "timestamp": "2026-03-11T00:58:56.232916+00:00"}
{"payload": {"data": {"A": "412.455", "B": "4.164", "E": 1773190736211, "T": 1773190736211, "a": "2037.36", "b": "2037.35", "e": "bookTicker", "s": "ETHUSDT", "u": 10084749067771}, "stream": "ethusdt@bookTicker"}, "timestamp": "2026-03-11T00:58:56.232958+00:00"}
{"payload": {"data": {"A": "405.768", "B": "4.164", "E": 1773190736211, "T": 1773190736211, "a": "2037.36", "b": "2037.35", "e": "bookTicker", "s": "ETHUSDT", "u": 10084749067772}, "stream": "ethusdt@bookTicker"}, "timestamp": "2026-03-11T00:58:56.232999+00:00"}
{"payload": {"data": {"A": "399.081", "B": "4.164", "E": 1773190736211, "T": 1773190736211, "a": "2037.36", "b": "2037.35", "e": "bookTicker", "s": "ETHUSDT", "u": 10084749067773}, "stream": "ethusdt@bookTicker"}, "timestamp": "2026-03-11T00:58:56.233042+00:00"}
{"payload": {"data": {"A": "387.990", "B": "4.164", "E": 1773190736211, "T": 1773190736211, "a": "2037.36", "b": "2037.35", "e": "bookTicker", "s": "ETHUSDT", "u": 10084749067774}, "stream": "ethusdt@bookTicker"}, "timestamp": "2026-03-11T00:58:56.233085+00:00"}
{"payload": {"data": {"A": "385.467", "B": "4.164", "E": 1773190736211, "T": 1773190736211, "a": "2037.36", "b": "2037.35", "e": "bookTicker", "s": "ETHUSDT", "u": 10084749067777}, "stream": "ethusdt@bookTicker"}, "timestamp": "2026-03-11T00:58:56.233126+00:00"}
{"payload": {"data": {"A": "381.793", "B": "4.164", "E": 1773190736211, "T": 1773190736211, "a": "2037.36", "b": "2037.35", "e": "bookTicker", "s": "ETHUSDT", "u": 10084749067779}, "stream": "ethusdt@bookTicker"}, "timestamp": "2026-03-11T00:58:56.233168+00:00"}
{"payload": {"data": {"A": "378.119", "B": "4.164", "E": 1773190736211, "T": 1773190736211, "a": "2037.36", "b": "2037.35", "e": "bookTicker", "s": "ETHUSDT", "u": 10084749067784}, "stream": "ethusdt@bookTicker"}, "timestamp": "2026-03-11T00:58:56.233204+00:00"}
{"payload": {"data": {"A": "374.445", "B": "4.164", "E": 1773190736211, "T": 1773190736211, "a": "2037.36", "b": "2037.35", "e": "bookTicker", "s": "ETHUSDT", "u": 10084749067785}, "stream": "ethusdt@bookTicker"}, "timestamp": "2026-03-11T00:58:56.233241+00:00"}
{"payload": {"data": {"A": "371.922", "B": "4.164", "E": 1773190736211, "T": 1773190736211, "a": "2037.36", "b": "2037.35", "e": "bookTicker", "s": "ETHUSDT", "u": 10084749067786}, "stream": "ethusdt@bookTicker"}, "timestamp": "2026-03-11T00:58:56.233284+00:00"}
{"payload": {"data": {"A": "368.248", "B": "4.164", "E": 1773190736211, "T": 1773190736211, "a": "2037.36", "b": "2037.35", "e": "bookTicker", "s": "ETHUSDT", "u": 10084749067790}, "stream": "ethusdt@bookTicker"}, "timestamp": "2026-03-11T00:58:56.233326+00:00"}
{"payload": {"data": {"A": "361.561", "B": "4.164", "E": 1773190736211, "T": 1773190736211, "a": "2037.36", "b": "2037.35", "e": "bookTicker", "s": "ETHUSDT", "u": 10084749067795}, "stream": "ethusdt@bookTicker"}, "timestamp": "2026-03-11T00:58:56.233373+00:00"}
{"payload": {"data": {"A": "354.874", "B": "4.164", "E": 1773190736211, "T": 1773190736211, "a": "2037.36", "b": "2037.35", "e": "bookTicker", "s": "ETHUSDT", "u": 10084749067797}, "stream": "ethusdt@bookTicker"}, "timestamp": "2026-03-11T00:58:56.233415+00:00"}
{"payload": {"data": {"A": "352.351", "B": "4.164", "E": 1773190736211, "T": 1773190736211, "a": "2037.36", "b": "2037.35", "e": "bookTicker", "s": "ETHUSDT", "u": 10084749067811}, "stream": "ethusdt@bookTicker"}, "timestamp": "2026-03-11T00:58:56.233457+00:00"}
{"payload": {"data": {"A": "349.828", "B": "4.164", "E": 1773190736211, "T": 1773190736211, "a": "2037.36", "b": "2037.35", "e": "bookTicker", "s": "ETHUSDT", "u": 10084749067814}, "stream": "ethusdt@bookTicker"}, "timestamp": "2026-03-11T00:58:56.233499+00:00"}
{"payload": {"data": {"A": "343.141", "B": "4.164", "E": 1773190736211, "T": 1773190736211, "a": "2037.36", "b": "2037.35", "e": "bookTicker", "s": "ETHUSDT", "u": 10084749067834}, "stream": "ethusdt@bookTicker"}, "timestamp": "2026-03-11T00:58:56.233541+00:00"}
{"payload": {"data": {"A": "336.454", "B": "4.164", "E": 1773190736212, "T": 1773190736211, "a": "2037.36", "b": "2037.35", "e": "bookTicker", "s": "ETHUSDT", "u": 10084749067843}, "stream": "ethusdt@bookTicker"}, "timestamp": "2026-03-11T00:58:56.233582+00:00"}
{"payload": {"data": {"A": "325.168", "B": "4.164", "E": 1773190736212, "T": 1773190736211, "a": "2037.36", "b": "2037.35", "e": "bookTicker", "s": "ETHUSDT", "u": 10084749067844}, "stream": "ethusdt@bookTicker"}, "timestamp": "2026-03-11T00:58:56.233624+00:00"}
{"payload": {"data": {"A": "313.882", "B": "4.164", "E": 1773190736212, "T": 1773190736211, "a": "2037.36", "b": "2037.35", "e": "bookTicker", "s": "ETHUSDT", "u": 10084749067848}, "stream": "ethusdt@bookTicker"}, "timestamp": "2026-03-11T00:58:56.233666+00:00"}
{"payload": {"data": {"A": "302.791", "B": "4.164", "E": 1773190736212, "T": 1773190736211, "a": "2037.36", "b": "2037.35", "e": "bookTicker", "s": "ETHUSDT", "u": 10084749067860}, "stream": "ethusdt@bookTicker"}, "timestamp": "2026-03-11T00:58:56.233709+00:00"}
{"payload": {"data": {"A": "291.700", "B": "4.164", "E": 1773190736212, "T": 1773190736212, "a": "2037.36", "b": "2037.35", "e": "bookTicker", "s": "ETHUSDT", "u": 10084749067872}, "stream": "ethusdt@bookTicker"}, "timestamp": "2026-03-11T00:58:56.233751+00:00"}
{"payload": {"data": {"A": "280.609", "B": "4.164", "E": 1773190736212, "T": 1773190736212, "a": "2037.36", "b": "2037.35", "e": "bookTicker", "s": "ETHUSDT", "u": 10084749067874}, "stream": "ethusdt@bookTicker"}, "timestamp": "2026-03-11T00:58:56.233796+00:00"}
{"payload": {"data": {"A": "269.518", "B": "4.164", "E": 1773190736212, "T": 1773190736212, "a": "2037.36", "b": "2037.35", "e": "bookTicker", "s": "ETHUSDT", "u": 10084749067905}, "stream": "ethusdt@bookTicker"}, "timestamp": "2026-03-11T00:58:56.233838+00:00"}
{"payload": {"data": {"A": "258.232", "B": "4.164", "E": 1773190736212, "T": 1773190736212, "a": "2037.36", "b": "2037.35", "e": "bookTicker", "s": "ETHUSDT", "u": 10084749067911}, "stream": "ethusdt@bookTicker"}, "timestamp": "2026-03-11T00:58:56.233885+00:00"}
{"payload": {"data": {"A": "258.252", "B": "4.164", "E": 1773190736212, "T": 1773190736212, "a": "2037.36", "b": "2037.35", "e": "bookTicker", "s": "ETHUSDT", "u": 10084749067914}, "stream": "ethusdt@bookTicker"}, "timestamp": "2026-03-11T00:58:56.233927+00:00"}
{"payload": {"data": {"A": "247.161", "B": "4.164", "E": 1773190736212, "T": 1773190736212, "a": "2037.36", "b": "2037.35", "e": "bookTicker", "s": "ETHUSDT", "u": 10084749067916}, "stream": "ethusdt@bookTicker"}, "timestamp": "2026-03-11T00:58:56.233969+00:00"}
{"payload": {"data": {"A": "243.487", "B": "4.164", "E": 1773190736212, "T": 1773190736212, "a": "2037.36", "b": "2037.35", "e": "bookTicker", "s": "ETHUSDT", "u": 10084749067918}, "stream": "ethusdt@bookTicker"}, "timestamp": "2026-03-11T00:58:56.234018+00:00"}
{"payload": {"data": {"A": "239.813", "B": "4.164", "E": 1773190736212, "T": 1773190736212, "a": "2037.36", "b": "2037.35", "e": "bookTicker", "s": "ETHUSDT", "u": 10084749067919}, "stream": "ethusdt@bookTicker"}, "timestamp": "2026-03-11T00:58:56.234060+00:00"}
{"payload": {"data": {"A": "237.290", "B": "4.164", "E": 1773190736212, "T": 1773190736212, "a": "2037.36", "b": "2037.35", "e": "bookTicker", "s": "ETHUSDT", "u": 10084749067920}, "stream": "ethusdt@bookTicker"}, "timestamp": "2026-03-11T00:58:56.234105+00:00"}
{"payload": {"data": {"A": "226.199", "B": "4.164", "E": 1773190736212, "T": 1773190736212, "a": "2037.36", "b": "2037.35", "e": "bookTicker", "s": "ETHUSDT", "u": 10084749067925}, "stream": "ethusdt@bookTicker"}, "timestamp": "2026-03-11T00:58:56.234143+00:00"}
{"payload": {"data": {"A": "1992.66", "B": "225.70", "E": 1773190736212, "T": 1773190736212, "a": "86.0000", "b": "85.9900", "e": "bookTicker", "s": "SOLUSDT", "u": 10084749068042}, "stream": "solusdt@bookTicker"}, "timestamp": "2026-03-11T00:58:56.234183+00:00"}
{"payload": {"data": {"A": "2037.12", "B": "225.70", "E": 1773190736213, "T": 1773190736213, "a": "86.0000", "b": "85.9900", "e": "bookTicker", "s": "SOLUSDT", "u": 10084749068141}, "stream": "solusdt@bookTicker"}, "timestamp": "2026-03-11T00:58:56.234225+00:00"}
{"payload": {"data": {"A": "1.399", "B": "3.667", "E": 1773190736213, "T": 1773190736213, "a": "446.38", "b": "446.37", "e": "bookTicker", "s": "BCHUSDT", "u": 10084749068192}, "stream": "bchusdt@bookTicker"}, "timestamp": "2026-03-11T00:58:56.234267+00:00"}
{"payload": {"data": {"A": "215.108", "B": "4.164", "E": 1773190736212, "T": 1773190736212, "a": "2037.36", "b": "2037.35", "e": "bookTicker", "s": "ETHUSDT", "u": 10084749067973}, "stream": "ethusdt@bookTicker"}, "timestamp": "2026-03-11T00:58:56.234308+00:00"}
{"payload": {"data": {"A": "212.585", "B": "4.164", "E": 1773190736212, "T": 1773190736212, "a": "2037.36", "b": "2037.35", "e": "bookTicker", "s": "ETHUSDT", "u": 10084749067974}, "stream": "ethusdt@bookTicker"}, "timestamp": "2026-03-11T00:58:56.234351+00:00"}
{"payload": {"data": {"A": "201.299", "B": "4.164", "E": 1773190736212, "T": 1773190736212, "a": "2037.36", "b": "2037.35", "e": "bookTicker", "s": "ETHUSDT", "u": 10084749067976}, "stream": "ethusdt@bookTicker"}, "timestamp": "2026-03-11T00:58:56.234393+00:00"}
{"payload": {"data": {"A": "194.612", "B": "4.164", "E": 1773190736212, "T": 1773190736212, "a": "2037.36", "b": "2037.35", "e": "bookTicker", "s": "ETHUSDT", "u": 10084749067987}, "stream": "ethusdt@bookTicker"}, "timestamp": "2026-03-11T00:58:56.234434+00:00"}
{"payload": {"data": {"A": "192.089", "B": "4.164", "E": 1773190736212, "T": 1773190736212, "a": "2037.36", "b": "2037.35", "e": "bookTicker", "s": "ETHUSDT", "u": 10084749067989}, "stream": "ethusdt@bookTicker"}, "timestamp": "2026-03-11T00:58:56.234476+00:00"}
{"payload": {"data": {"A": "180.803", "B": "4.164", "E": 1773190736212, "T": 1773190736212, "a": "2037.36", "b": "2037.35", "e": "bookTicker", "s": "ETHUSDT", "u": 10084749068018}, "stream": "ethusdt@bookTicker"}, "timestamp": "2026-03-11T00:58:56.234517+00:00"}
{"payload": {"data": {"A": "181.512", "B": "4.164", "E": 1773190736212, "T": 1773190736212, "a": "2037.36", "b": "2037.35", "e": "bookTicker", "s": "ETHUSDT", "u": 10084749068035}, "stream": "ethusdt@bookTicker"}, "timestamp": "2026-03-11T00:58:56.234559+00:00"}
{"payload": {"data": {"A": "174.825", "B": "4.164", "E": 1773190736212, "T": 1773190736212, "a": "2037.36", "b": "2037.35", "e": "bookTicker", "s": "ETHUSDT", "u": 10084749068036}, "stream": "ethusdt@bookTicker"}, "timestamp": "2026-03-11T00:58:56.234601+00:00"}
{"payload": {"data": {"A": "172.302", "B": "4.164", "E": 1773190736212, "T": 1773190736212, "a": "2037.36", "b": "2037.35", "e": "bookTicker", "s": "ETHUSDT", "u": 10084749068060}, "stream": "ethusdt@bookTicker"}, "timestamp": "2026-03-11T00:58:56.234642+00:00"}
{"payload": {"data": {"A": "168.628", "B": "4.164", "E": 1773190736212, "T": 1773190736212, "a": "2037.36", "b": "2037.35", "e": "bookTicker", "s": "ETHUSDT", "u": 10084749068082}, "stream": "ethusdt@bookTicker"}, "timestamp": "2026-03-11T00:58:56.234689+00:00"}
{"payload": {"data": {"A": "166.105", "B": "4.164", "E": 1773190736212, "T": 1773190736212, "a": "2037.36", "b": "2037.35", "e": "bookTicker", "s": "ETHUSDT", "u": 10084749068089}, "stream": "ethusdt@bookTicker"}, "timestamp": "2026-03-11T00:58:56.234731+00:00"}
{"payload": {"data": {"A": "161.605", "B": "4.164", "E": 1773190736213, "T": 1773190736213, "a": "2037.36", "b": "2037.35", "e": "bookTicker", "s": "ETHUSDT", "u": 10084749068138}, "stream": "ethusdt@bookTicker"}, "timestamp": "2026-03-11T00:58:56.234773+00:00"}
{"payload": {"data": {"A": "155.355", "B": "4.164", "E": 1773190736213, "T": 1773190736213, "a": "2037.36", "b": "2037.35", "e": "bookTicker", "s": "ETHUSDT", "u": 10084749068140}, "stream": "ethusdt@bookTicker"}, "timestamp": "2026-03-11T00:58:56.234814+00:00"}
{"payload": {"data": {"A": "159.856", "B": "4.164", "E": 1773190736213, "T": 1773190736213, "a": "2037.36", "b": "2037.35", "e": "bookTicker", "s": "ETHUSDT", "u": 10084749068185}, "stream": "ethusdt@bookTicker"}, "timestamp": "2026-03-11T00:58:56.234856+00:00"}
{"payload": {"data": {"A": "159.147", "B": "4.164", "E": 1773190736213, "T": 1773190736213, "a": "2037.36", "b": "2037.35", "e": "bookTicker", "s": "ETHUSDT", "u": 10084749068205}, "stream": "ethusdt@bookTicker"}, "timestamp": "2026-03-11T00:58:56.234900+00:00"}
{"payload": {"data": {"A": "158.438", "B": "4.164", "E": 1773190736213, "T": 1773190736213, "a": "2037.36", "b": "2037.35", "e": "bookTicker", "s": "ETHUSDT", "u": 10084749068217}, "stream": "ethusdt@bookTicker"}, "timestamp": "2026-03-11T00:58:56.234942+00:00"}
{"payload": {"data": {"A": "159.147", "B": "4.164", "E": 1773190736213, "T": 1773190736213, "a": "2037.36", "b": "2037.35", "e": "bookTicker", "s": "ETHUSDT", "u": 10084749068270}, "stream": "ethusdt@bookTicker"}, "timestamp": "2026-03-11T00:58:56.234984+00:00"}
{"payload": {"data": {"A": "159.167", "B": "4.164", "E": 1773190736214, "T": 1773190736214, "a": "2037.36", "b": "2037.35", "e": "bookTicker", "s": "ETHUSDT", "u": 10084749068360}, "stream": "ethusdt@bookTicker"}, "timestamp": "2026-03-11T00:58:56.235024+00:00"}
{"payload": {"data": {"A": "1992.66", "B": "225.70", "E": 1773190736213, "T": 1773190736213, "a": "86.0000", "b": "85.9900", "e": "bookTicker", "s": "SOLUSDT", "u": 10084749068222}, "stream": "solusdt@bookTicker"}, "timestamp": "2026-03-11T00:58:56.235061+00:00"}
{"payload": {"data": {"A": "10.180", "B": "0.987", "E": 1773190736213, "T": 1773190736213, "a": "70026.10", "b": "70026.00", "e": "bookTicker", "s": "BTCUSDT", "u": 10084749068249}, "stream": "btcusdt@bookTicker"}, "timestamp": "2026-03-11T00:58:56.235100+00:00"}
{"payload": {"data": {"A": "2037.12", "B": "225.70", "E": 1773190736214, "T": 1773190736213, "a": "86.0000", "b": "85.9900", "e": "bookTicker", "s": "SOLUSDT", "u": 10084749068338}, "stream": "solusdt@bookTicker"}, "timestamp": "2026-03-11T00:58:56.235144+00:00"}
{"payload": {"data": {"A": "2.550", "B": "3.667", "E": 1773190736213, "T": 1773190736213, "a": "446.38", "b": "446.37", "e": "bookTicker", "s": "BCHUSDT", "u": 10084749068300}, "stream": "bchusdt@bookTicker"}, "timestamp": "2026-03-11T00:58:56.235188+00:00"}
{"payload": {"data": {"A": "3.584", "B": "3.667", "E": 1773190736213, "T": 1773190736213, "a": "446.38", "b": "446.37", "e": "bookTicker", "s": "BCHUSDT", "u": 10084749068301}, "stream": "bchusdt@bookTicker"}, "timestamp": "2026-03-11T00:58:56.235232+00:00"}
{"payload": {"data": {"A": "6.455", "B": "3.667", "E": 1773190736214, "T": 1773190736214, "a": "446.38", "b": "446.37", "e": "bookTicker", "s": "BCHUSDT", "u": 10084749068389}, "stream": "bchusdt@bookTicker"}, "timestamp": "2026-03-11T00:58:56.235274+00:00"}
{"payload": {"data": {"A": "6.545", "B": "3.667", "E": 1773190736214, "T": 1773190736214, "a": "446.38", "b": "446.37", "e": "bookTicker", "s": "BCHUSDT", "u": 10084749068397}, "stream": "bchusdt@bookTicker"}, "timestamp": "2026-03-11T00:58:56.235316+00:00"}
{"payload": {"data": {"A": "7.457", "B": "3.667", "E": 1773190736214, "T": 1773190736214, "a": "446.38", "b": "446.37", "e": "bookTicker", "s": "BCHUSDT", "u": 10084749068420}, "stream": "bchusdt@bookTicker"}, "timestamp": "2026-03-11T00:58:56.235367+00:00"}
{"payload": {"data": {"A": "8.669", "B": "3.667", "E": 1773190736214, "T": 1773190736214, "a": "446.38", "b": "446.37", "e": "bookTicker", "s": "BCHUSDT", "u": 10084749068471}, "stream": "bchusdt@bookTicker"}, "timestamp": "2026-03-11T00:58:56.235653+00:00"}
{"payload": {"data": {"A": "8.669", "B": "2.041", "E": 1773190736215, "T": 1773190736215, "a": "446.38", "b": "446.37", "e": "bookTicker", "s": "BCHUSDT", "u": 10084749068606}, "stream": "bchusdt@bookTicker"}, "timestamp": "2026-03-11T00:58:56.235704+00:00"}
{"payload": {"data": {"A": "159.167", "B": "9.210", "E": 1773190736214, "T": 1773190736214, "a": "2037.36", "b": "2037.35", "e": "bookTicker", "s": "ETHUSDT", "u": 10084749068434}, "stream": "ethusdt@bookTicker"}, "timestamp": "2026-03-11T00:58:56.235751+00:00"}
{"payload": {"data": {"A": "159.876", "B": "9.210", "E": 1773190736214, "T": 1773190736214, "a": "2037.36", "b": "2037.35", "e": "bookTicker", "s": "ETHUSDT", "u": 10084749068447}, "stream": "ethusdt@bookTicker"}, "timestamp": "2026-03-11T00:58:56.235792+00:00"}
{"payload": {"data": {"A": "159.975", "B": "9.210", "E": 1773190736215, "T": 1773190736214, "a": "2037.36", "b": "2037.35", "e": "bookTicker", "s": "ETHUSDT", "u": 10084749068531}, "stream": "ethusdt@bookTicker"}, "timestamp": "2026-03-11T00:58:56.235836+00:00"}
{"payload": {"data": {"A": "168.773", "B": "9.210", "E": 1773190736215, "T": 1773190736214, "a": "2037.36", "b": "2037.35", "e": "bookTicker", "s": "ETHUSDT", "u": 10084749068535}, "stream": "ethusdt@bookTicker"}, "timestamp": "2026-03-11T00:58:56.235878+00:00"}
{"payload": {"data": {"A": "168.783", "B": "9.210", "E": 1773190736215, "T": 1773190736215, "a": "2037.36", "b": "2037.35", "e": "bookTicker", "s": "ETHUSDT", "u": 10084749068569}, "stream": "ethusdt@bookTicker"}, "timestamp": "2026-03-11T00:58:56.235920+00:00"}
{"payload": {"data": {"A": "168.074", "B": "9.210", "E": 1773190736215, "T": 1773190736215, "a": "2037.36", "b": "2037.35", "e": "bookTicker", "s": "ETHUSDT", "u": 10084749068602}, "stream": "ethusdt@bookTicker"}, "timestamp": "2026-03-11T00:58:56.235961+00:00"}
{"payload": {"data": {"A": "167.365", "B": "9.210", "E": 1773190736215, "T": 1773190736215, "a": "2037.36", "b": "2037.35", "e": "bookTicker", "s": "ETHUSDT", "u": 10084749068604}, "stream": "ethusdt@bookTicker"}, "timestamp": "2026-03-11T00:58:56.236007+00:00"}
{"payload": {"data": {"A": "2037.12", "B": "234.70", "E": 1773190736214, "T": 1773190736214, "a": "86.0000", "b": "85.9900", "e": "bookTicker", "s": "SOLUSDT", "u": 10084749068466}, "stream": "solusdt@bookTicker"}, "timestamp": "2026-03-11T00:58:56.236048+00:00"}
{"payload": {"data": {"A": "1992.66", "B": "234.70", "E": 1773190736214, "T": 1773190736214, "a": "86.0000", "b": "85.9900", "e": "bookTicker", "s": "SOLUSDT", "u": 10084749068475}, "stream": "solusdt@bookTicker"}, "timestamp": "2026-03-11T00:58:56.236090+00:00"}
{"payload": {"data": {"A": "2037.12", "B": "234.70", "E": 1773190736214, "T": 1773190736214, "a": "86.0000", "b": "85.9900", "e": "bookTicker", "s": "SOLUSDT", "u": 10084749068512}, "stream": "solusdt@bookTicker"}, "timestamp": "2026-03-11T00:58:56.236133+00:00"}
{"payload": {"data": {"A": "10.182", "B": "0.987", "E": 1773190736214, "T": 1773190736214, "a": "70026.10", "b": "70026.00", "e": "bookTicker", "s": "BTCUSDT", "u": 10084749068518}, "stream": "btcusdt@bookTicker"}, "timestamp": "2026-03-11T00:58:56.236175+00:00"}
{"payload": {"data": {"A": "1992.66", "B": "234.70", "E": 1773190736215, "T": 1773190736215, "a": "86.0000", "b": "85.9900", "e": "bookTicker", "s": "SOLUSDT", "u": 10084749068675}, "stream": "solusdt@bookTicker"}, "timestamp": "2026-03-11T00:58:56.236217+00:00"}
{"payload": {"data": {"A": "8.669", "B": "0.090", "E": 1773190736216, "T": 1773190736215, "a": "446.38", "b": "446.37", "e": "bookTicker", "s": "BCHUSDT", "u": 10084749068772}, "stream": "bchusdt@bookTicker"}, "timestamp": "2026-03-11T00:58:56.236268+00:00"}
{"payload": {"data": {"A": "9.213", "B": "0.987", "E": 1773190736215, "T": 1773190736215, "a": "70026.10", "b": "70026.00", "e": "bookTicker", "s": "BTCUSDT", "u": 10084749068684}, "stream": "btcusdt@bookTicker"}, "timestamp": "2026-03-11T00:58:56.236306+00:00"}
{"payload": {"data": {"A": "8.751", "B": "0.987", "E": 1773190736215, "T": 1773190736215, "a": "70026.10", "b": "70026.00", "e": "bookTicker", "s": "BTCUSDT", "u": 10084749068695}, "stream": "btcusdt@bookTicker"}, "timestamp": "2026-03-11T00:58:56.236349+00:00"}
{"payload": {"data": {"A": "1992.66", "B": "118.41", "E": 1773190736215, "T": 1773190736215, "a": "86.0000", "b": "85.9900", "e": "bookTicker", "s": "SOLUSDT", "u": 10084749068722}, "stream": "solusdt@bookTicker"}, "timestamp": "2026-03-11T00:58:56.236391+00:00"}
{"payload": {"data": {"A": "1948.20", "B": "118.41", "E": 1773190736215, "T": 1773190736215, "a": "86.0000", "b": "85.9900", "e": "bookTicker", "s": "SOLUSDT", "u": 10084749068726}, "stream": "solusdt@bookTicker"}, "timestamp": "2026-03-11T00:58:56.236430+00:00"}
{"payload": {"data": {"A": "162.865", "B": "9.210", "E": 1773190736215, "T": 1773190736215, "a": "2037.36", "b": "2037.35", "e": "bookTicker", "s": "ETHUSDT", "u": 10084749068690}, "stream": "ethusdt@bookTicker"}, "timestamp": "2026-03-11T00:58:56.236474+00:00"}
{"payload": {"data": {"A": "163.574", "B": "9.210", "E": 1773190736215, "T": 1773190736215, "a": "2037.36", "b": "2037.35", "e": "bookTicker", "s": "ETHUSDT", "u": 10084749068711}, "stream": "ethusdt@bookTicker"}, "timestamp": "2026-03-11T00:58:56.236516+00:00"}
{"payload": {"data": {"A": "168.274", "B": "9.210", "E": 1773190736215, "T": 1773190736215, "a": "2037.36", "b": "2037.35", "e": "bookTicker", "s": "ETHUSDT", "u": 10084749068723}, "stream": "ethusdt@bookTicker"}, "timestamp": "2026-03-11T00:58:56.236553+00:00"}
{"payload": {"data": {"A": "172.776", "B": "9.210", "E": 1773190736215, "T": 1773190736215, "a": "2037.36", "b": "2037.35", "e": "bookTicker", "s": "ETHUSDT", "u": 10084749068725}, "stream": "ethusdt@bookTicker"}, "timestamp": "2026-03-11T00:58:56.236590+00:00"}
{"payload": {"data": {"A": "173.485", "B": "9.210", "E": 1773190736216, "T": 1773190736216, "a": "2037.36", "b": "2037.35", "e": "bookTicker", "s": "ETHUSDT", "u": 10084749068848}, "stream": "ethusdt@bookTicker"}, "timestamp": "2026-03-11T00:58:56.236628+00:00"}
{"payload": {"data": {"A": "174.841", "B": "9.210", "E": 1773190736216, "T": 1773190736216, "a": "2037.36", "b": "2037.35", "e": "bookTicker", "s": "ETHUSDT", "u": 10084749068871}, "stream": "ethusdt@bookTicker"}, "timestamp": "2026-03-11T00:58:56.236670+00:00"}
{"payload": {"data": {"A": "8.288", "B": "0.987", "E": 1773190736216, "T": 1773190736216, "a": "70026.10", "b": "70026.00", "e": "bookTicker", "s": "BTCUSDT", "u": 10084749068887}, "stream": "btcusdt@bookTicker"}, "timestamp": "2026-03-11T00:58:56.236713+00:00"}
{"payload": {"data": {"A": "1948.00", "B": "118.41", "E": 1773190736217, "T": 1773190736217, "a": "86.0000", "b": "85.9900", "e": "bookTicker", "s": "SOLUSDT", "u": 10084749068937}, "stream": "solusdt@bookTicker"}, "timestamp": "2026-03-11T00:58:56.236755+00:00"}
{"payload": {"data": {"A": "7.899", "B": "0.987", "E": 1773190736217, "T": 1773190736217, "a": "70026.10", "b": "70026.00", "e": "bookTicker", "s": "BTCUSDT", "u": 10084749068938}, "stream": "btcusdt@bookTicker"}, "timestamp": "2026-03-11T00:58:56.236797+00:00"}
{"payload": {"data": {"A": "174.841", "B": "31.782", "E": 1773190736216, "T": 1773190736216, "a": "2037.36", "b": "2037.35", "e": "bookTicker", "s": "ETHUSDT", "u": 10084749068891}, "stream": "ethusdt@bookTicker"}, "timestamp": "2026-03-11T00:58:56.236839+00:00"}
{"payload": {"data": {"A": "174.132", "B": "31.782", "E": 1773190736217, "T": 1773190736217, "a": "2037.36", "b": "2037.35", "e": "bookTicker", "s": "ETHUSDT", "u": 10084749068947}, "stream": "ethusdt@bookTicker"}, "timestamp": "2026-03-11T00:58:56.236881+00:00"}
{"payload": {"data": {"A": "174.132", "B": "31.802", "E": 1773190736217, "T": 1773190736217, "a": "2037.36", "b": "2037.35", "e": "bookTicker", "s": "ETHUSDT", "u": 10084749068962}, "stream": "ethusdt@bookTicker"}, "timestamp": "2026-03-11T00:58:56.236931+00:00"}
{"payload": {"data": {"A": "174.132", "B": "9.230", "E": 1773190736217, "T": 1773190736217, "a": "2037.36", "b": "2037.35", "e": "bookTicker", "s": "ETHUSDT", "u": 10084749068984}, "stream": "ethusdt@bookTicker"}, "timestamp": "2026-03-11T00:58:56.236974+00:00"}
{"payload": {"data": {"A": "8.759", "B": "0.090", "E": 1773190736217, "T": 1773190736217, "a": "446.38", "b": "446.37", "e": "bookTicker", "s": "BCHUSDT", "u": 10084749069031}, "stream": "bchusdt@bookTicker"}, "timestamp": "2026-03-11T00:58:56.237020+00:00"}
{"payload": {"data": {"A": "8.759", "B": "0.644", "E": 1773190736217, "T": 1773190736217, "a": "446.38", "b": "446.37", "e": "bookTicker", "s": "BCHUSDT", "u": 10084749069033}, "stream": "bchusdt@bookTicker"}, "timestamp": "2026-03-11T00:58:56.237063+00:00"}
{"payload": {"data": {"A": "1948.00", "B": "118.21", "E": 1773190736218, "T": 1773190736217, "a": "86.0000", "b": "85.9900", "e": "bookTicker", "s": "SOLUSDT", "u": 10084749069051}, "stream": "solusdt@bookTicker"}, "timestamp": "2026-03-11T00:58:56.237101+00:00"}
{"payload": {"data": {"A": "1948.00", "B": "118.41", "E": 1773190736218, "T": 1773190736218, "a": "86.0000", "b": "85.9900", "e": "bookTicker", "s": "SOLUSDT", "u": 10084749069094}, "stream": "solusdt@bookTicker"}, "timestamp": "2026-03-11T00:58:56.237140+00:00"}
