{"payload": {"data": {"k": {"T": 1773611999999, "c": "89.82", "h": "90.15", "i": "1h", "l": "88.57", "o": "88.76", "q": "1528295.698237", "t": 1773608400000, "v": "17077.7955", "x": false}, "s": "SOLUSDT"}, "stream": "solusdt@kline_1h"}, "timestamp": "2026-03-15T21:49:45.669537+00:00"}
{"payload": {"data": {"A": "2.0715", "B": "23.5229", "E": 1773610890213, "a": "89.81", "b": "89.8", "s": "SOLUSDT"}, "stream": "solusdt@bookTicker"}, "timestamp": "2026-03-15T21:49:45.669591+00:00"}
{"payload": {"data": {"A": "0.113566", "B": "0.026916", "E": 1773610890214, "a": "72093.01", "b": "72093", "s": "BTCUSDT"}, "stream": "btcusdt@bookTicker"}, "timestamp": "2026-03-15T21:49:45.669635+00:00"}
{"payload": {"data": {"A": "2.4991", "B": "0.0082", "E": 1773610890214, "a": "2138.71", "b": "2138.7", "s": "ETHUSDT"}, "stream": "ethusdt@bookTicker"}, "timestamp": "2026-03-15T21:49:45.669679+00:00"}
{"payload": {"data": {"A": "0.113566", "B": "0.025767", "E": 1773610890516, "a": "72093.01", "b": "72093", "s": "BTCUSDT"}, "stream": "btcusdt@bookTicker"}, "timestamp": "2026-03-15T21:49:45.669720+00:00"}
{"payload": {"data": {"A": "2.0715", "B": "20.3413", "E": 1773610890522, "a": "89.81", "b": "89.8", "s": "SOLUSDT"}, "stream": "solusdt@bookTicker"}, "timestamp": "2026-03-15T21:49:45.669761+00:00"}
{"payload": {"data": {"A": "2.7701", "B": "0.0497", "E": 1773610890519, "a": "2138.61", "b": "2138.6", "s": "ETHUSDT"}, "stream": "ethusdt@bookTicker"}, "timestamp": "2026-03-15T21:49:45.669801+00:00"}
{"payload": {"data": {"A": "2.8012", "B": "0.0497", "E": 1773610890813, "a": "2138.61", "b": "2138.6", "s": "ETHUSDT"}, "stream": "ethusdt@bookTicker"}, "timestamp": "2026-03-15T21:49:45.669841+00:00"}
{"payload": {"data": {"A": "0.113566", "B": "0.025767", "E": 1773610890813, "a": "72093.01", "b": "72093", "s": "BTCUSDT"}, "stream": "btcusdt@bookTicker"}, "timestamp": "2026-03-15T21:49:45.669881+00:00"}
{"payload": {"data": {"A": "2.0715", "B": "23.5229", "E": 1773610890815, "a": "89.81", "b": "89.8", "s": "SOLUSDT"}, "stream": "solusdt@bookTicker"}, "timestamp": "2026-03-15T21:49:45.669921+00:00"}
{"payload": {"data": {"A": "2.0715", "B": "3.0102", "E": 1773610891116, "a": "89.8", "b": "89.79", "s": "SOLUSDT"}, "stream": "solusdt@bookTicker"}, "timestamp": "2026-03-15T21:49:45.669960+00:00"}
{"payload": {"data": {"A": "0.113566", "B": "0.025767", "E": 1773610891117, "a": "72093.01", "b": "72093", "s": "BTCUSDT"}, "stream": "btcusdt@bookTicker"}, "timestamp": "2026-03-15T21:49:45.669999+00:00"}
{"payload": {"data": {"A": "2.8482", "B": "0.0082", "E": 1773610891118, "a": "2138.61", "b": "2138.6", "s": "ETHUSDT"}, "stream": "ethusdt@bookTicker"}, "timestamp": "2026-03-15T21:49:45.670038+00:00"}
{"payload": {"data": {"A": "2.0715", "B": "36.3131", "E": 1773610891418, "a": "89.79", "b": "89.78", "s": "SOLUSDT"}, "stream": "solusdt@bookTicker"}, "timestamp": "2026-03-15T21:49:45.670078+00:00"}
{"payload": {"data": {"A": "0.103844", "B": "0.025767", "E": 1773610891418, "a": "72093.01", "b": "72093", "s": "BTCUSDT"}, "stream": "btcusdt@bookTicker"}, "timestamp": "2026-03-15T21:49:45.670117+00:00"}
{"payload": {"data": {"A": "2.8482", "B": "0.0497", "E": 1773610891420, "a": "2138.61", "b": "2138.6", "s": "ETHUSDT"}, "stream": "ethusdt@bookTicker"}, "timestamp": "2026-03-15T21:49:45.670157+00:00"}
{"payload": {"data": {"E": 1773610891559, "m": true, "p": "72093", "q": "0.000144", "s": "BTCUSDT"}, "stream": "btcusdt@trade"}, "timestamp": "2026-03-15T21:49:45.670196+00:00"}
{"payload": {"data": {"k": {"T": 1773619199999, "c": "72093", "h": "72217.47", "i": "4h", "l": "71429.07", "o": "71553.27", "q": "5638040.36973243", "t": 1773604800000, "v": "78.543621", "x": false}, "s": "BTCUSDT"}, "stream": "btcusdt@kline_4h"}, "timestamp": "2026-03-15T21:49:45.670236+00:00"}
{"payload": {"data": {"k": {"T": 1773611999999, "c": "72093", "h": "72217.47", "i": "1h", "l": "71625.28", "o": "71727", "q": "2325194.6379956", "t": 1773608400000, "v": "32.324832", "x": false}, "s": "BTCUSDT"}, "stream": "btcusdt@kline_1h"}, "timestamp": "2026-03-15T21:49:45.670293+00:00"}
{"payload": {"data": {"A": "0.103844", "B": "0.025767", "E": 1773610891717, "a": "72093.01", "b": "72093", "s": "BTCUSDT"}, "stream": "btcusdt@bookTicker"}, "timestamp": "2026-03-15T21:49:45.670338+00:00"}
{"payload": {"data": {"A": "2.8012", "B": "0.0497", "E": 1773610891717, "a": "2138.61", "b": "2138.6", "s": "ETHUSDT"}, "stream": "ethusdt@bookTicker"}, "timestamp": "2026-03-15T21:49:45.670381+00:00"}
{"payload": {"data": {"A": "3.108", "B": "279.054", "E": 1773610891720, "a": "89.8", "b": "89.78", "s": "SOLUSDT"}, "stream": "solusdt@bookTicker"}, "timestamp": "2026-03-15T21:49:45.670422+00:00"}
{"payload": {"data": {"A": "0.103844", "B": "0.025623", "E": 1773610892035, "a": "72093.01", "b": "72093", "s": "BTCUSDT"}, "stream": "btcusdt@bookTicker"}, "timestamp": "2026-03-15T21:49:45.670462+00:00"}
{"payload": {"data": {"A": "2.965", "B": "0.0497", "E": 1773610892037, "a": "2138.61", "b": "2138.6", "s": "ETHUSDT"}, "stream": "ethusdt@bookTicker"}, "timestamp": "2026-03-15T21:49:45.670502+00:00"}
{"payload": {"data": {"A": "10.8856", "B": "19.9815", "E": 1773610892039, "a": "89.78", "b": "89.77", "s": "SOLUSDT"}, "stream": "solusdt@bookTicker"}, "timestamp": "2026-03-15T21:49:45.670542+00:00"}
{"payload": {"data": {"E": 1773610892146, "m": true, "p": "72092", "q": "0.000267", "s": "BTCUSDT"}, "stream": "btcusdt@trade"}, "timestamp": "2026-03-15T21:49:45.670582+00:00"}
{"payload": {"data": {"E": 1773610892146, "m": true, "p": "72092", "q": "0.000031", "s": "BTCUSDT"}, "stream": "btcusdt@trade"}, "timestamp": "2026-03-15T21:49:45.670622+00:00"}
{"payload": {"data": {"E": 1773610892179, "m": true, "p": "72091", "q": "0.000031", "s": "BTCUSDT"}, "stream": "btcusdt@trade"}, "timestamp": "2026-03-15T21:49:45.670662+00:00"}
{"payload": {"data": {"E": 1773610892179, "m": true, "p": "72091", "q": "0.000267", "s": "BTCUSDT"}, "stream": "btcusdt@trade"}, "timestamp": "2026-03-15T21:49:45.670701+00:00"}
{"payload": {"data": {"E": 1773610892195, "m": true, "p": "72089.13", "q": "0.003383", "s": "BTCUSDT"}, "stream": "btcusdt@trade"}, "timestamp": "2026-03-15T21:49:45.670742+00:00"}
{"payload": {"data": {"E": 1773610892195, "m": true, "p": "72090", "q": "0.000031", "s": "BTCUSDT"}, "stream": "btcusdt@trade"}, "timestamp": "2026-03-15T21:49:45.670776+00:00"}
{"payload": {"data": {"E": 1773610892195, "m": true, "p": "72091", "q": "0.006667", "s": "BTCUSDT"}, "stream": "btcusdt@trade"}, "timestamp": "2026-03-15T21:49:45.670810+00:00"}
{"payload": {"data": {"E": 1773610892195, "m": true, "p": "72082.15", "q": "0.415055", "s": "BTCUSDT"}, "stream": "btcusdt@trade"}, "timestamp": "2026-03-15T21:49:45.670865+00:00"}
{"payload": {"data": {"E": 1773610892195, "m": true, "p": "72083", "q": "0.000031", "s": "BTCUSDT"}, "stream": "btcusdt@trade"}, "timestamp": "2026-03-15T21:49:45.670899+00:00"}
{"payload": {"data": {"E": 1773610892195, "m": true, "p": "72083.77", "q": "0.415719", "s": "BTCUSDT"}, "stream": "btcusdt@trade"}, "timestamp": "2026-03-15T21:49:45.670933+00:00"}
{"payload": {"data": {"E": 1773610892195, "m": true, "p": "72083.79", "q": "0.001387", "s": "BTCUSDT"}, "stream": "btcusdt@trade"}, "timestamp": "2026-03-15T21:49:45.670966+00:00"}
{"payload": {"data": {"E": 1773610892195, "m": true, "p": "72084", "q": "0.000031", "s": "BTCUSDT"}, "stream": "btcusdt@trade"}, "timestamp": "2026-03-15T21:49:45.670999+00:00"}
{"payload": {"data": {"E": 1773610892195, "m": true, "p": "72084.02", "q": "0.013871", "s": "BTCUSDT"}, "stream": "btcusdt@trade"}, "timestamp": "2026-03-15T21:49:45.671032+00:00"}
{"payload": {"data": {"E": 1773610892195, "m": true, "p": "72085", "q": "0.000031", "s": "BTCUSDT"}, "stream": "btcusdt@trade"}, "timestamp": "2026-03-15T21:49:45.671064+00:00"}
{"payload": {"data": {"E": 1773610892195, "m": true, "p": "72086", "q": "0.000031", "s": "BTCUSDT"}, "stream": "btcusdt@trade"}, "timestamp": "2026-03-15T21:49:45.671098+00:00"}
{"payload": {"data": {"E": 1773610892195, "m": true, "p": "72086.23", "q": "0.415719", "s": "BTCUSDT"}, "stream": "btcusdt@trade"}, "timestamp": "2026-03-15T21:49:45.671130+00:00"}
{"payload": {"data": {"E": 1773610892195, "m": true, "p": "72087", "q": "0.000031", "s": "BTCUSDT"}, "stream": "btcusdt@trade"}, "timestamp": "2026-03-15T21:49:45.671163+00:00"}
{"payload": {"data": {"E": 1773610892195, "m": true, "p": "72088", "q": "0.000031", "s": "BTCUSDT"}, "stream": "btcusdt@trade"}, "timestamp": "2026-03-15T21:49:45.671195+00:00"}
{"payload": {"data": {"E": 1773610892195, "m": true, "p": "72088.51", "q": "0.003514", "s": "BTCUSDT"}, "stream": "btcusdt@trade"}, "timestamp": "2026-03-15T21:49:45.671228+00:00"}
{"payload": {"data": {"E": 1773610892195, "m": true, "p": "72089", "q": "0.000031", "s": "BTCUSDT"}, "stream": "btcusdt@trade"}, "timestamp": "2026-03-15T21:49:45.671261+00:00"}
{"payload": {"data": {"A": "2.8012", "B": "0.0497", "E": 1773610892335, "a": "2138.61", "b": "2138.6", "s": "ETHUSDT"}, "stream": "ethusdt@bookTicker"}, "timestamp": "2026-03-15T21:49:45.671304+00:00"}
{"payload": {"data": {"A": "2.0715", "B": "36.3131", "E": 1773610892336, "a": "89.79", "b": "89.78", "s": "SOLUSDT"}, "stream": "solusdt@bookTicker"}, "timestamp": "2026-03-15T21:49:45.671345+00:00"}
{"payload": {"data": {"A": "0.103844", "B": "0.025767", "E": 1773610892335, "a": "72093.01", "b": "72093", "s": "BTCUSDT"}, "stream": "btcusdt@bookTicker"}, "timestamp": "2026-03-15T21:49:45.671388+00:00"}
{"payload": {"data": {"A": "0.087248", "B": "0.066034", "E": 1773610892630, "a": "72082.16", "b": "72082.15", "s": "BTCUSDT"}, "stream": "btcusdt@bookTicker"}, "timestamp": "2026-03-15T21:49:45.671427+00:00"}
{"payload": {"data": {"A": "9.8491", "B": "21.741", "E": 1773610892631, "a": "89.78", "b": "89.77", "s": "SOLUSDT"}, "stream": "solusdt@bookTicker"}, "timestamp": "2026-03-15T21:49:45.671468+00:00"}
{"payload": {"data": {"A": "2.9898", "B": "0.0082", "E": 1773610892632, "a": "2138.61", "b": "2138.6", "s": "ETHUSDT"}, "stream": "ethusdt@bookTicker"}, "timestamp": "2026-03-15T21:49:45.671512+00:00"}
{"payload": {"data": {"A": "0.021", "B": "0.111434", "E": 1773610892941, "a": "72082.16", "b": "72082.15", "s": "BTCUSDT"}, "stream": "btcusdt@bookTicker"}, "timestamp": "2026-03-15T21:49:45.671559+00:00"}
{"payload": {"data": {"A": "2.9898", "B": "0.0082", "E": 1773610892941, "a": "2138.61", "b": "2138.6", "s": "ETHUSDT"}, "stream": "ethusdt@bookTicker"}, "timestamp": "2026-03-15T21:49:45.671600+00:00"}
{"payload": {"data": {"A": "10.8856", "B": "17.6006", "E": 1773610892942, "a": "89.78", "b": "89.77", "s": "SOLUSDT"}, "stream": "solusdt@bookTicker"}, "timestamp": "2026-03-15T21:49:45.671639+00:00"}
{"payload": {"data": {"E": 1773610892999, "m": true, "p": "2138.6", "q": "0.0082", "s": "ETHUSDT"}, "stream": "ethusdt@trade"}, "timestamp": "2026-03-15T21:49:45.671680+00:00"}
{"payload": {"data": {"E": 1773610893014, "m": true, "p": "2138.56", "q": "0.022", "s": "ETHUSDT"}, "stream": "ethusdt@trade"}, "timestamp": "2026-03-15T21:49:45.671720+00:00"}
{"payload": {"data": {"E": 1773610893015, "m": true, "p": "2138.5", "q": "0.0082", "s": "ETHUSDT"}, "stream": "ethusdt@trade"}, "timestamp": "2026-03-15T21:49:45.671761+00:00"}
{"payload": {"data": {"E": 1773610893015, "m": true, "p": "2138.56", "q": "0.0006", "s": "ETHUSDT"}, "stream": "ethusdt@trade"}, "timestamp": "2026-03-15T21:49:45.671795+00:00"}
{"payload": {"data": {"E": 1773610893015, "m": true, "p": "2138.56", "q": "0.0241", "s": "ETHUSDT"}, "stream": "ethusdt@trade"}, "timestamp": "2026-03-15T21:49:45.671828+00:00"}
{"payload": {"data": {"E": 1773610893015, "m": true, "p": "2138.45", "q": "0.0691", "s": "ETHUSDT"}, "stream": "ethusdt@trade"}, "timestamp": "2026-03-15T21:49:45.671866+00:00"}
{"payload": {"data": {"k": {"T": 1773619199999, "c": "2138.6", "h": "2144.43", "i": "4h", "l": "2110", "o": "2113.39", "q": "6037476.465447", "t": 1773604800000, "v": "2837.0582", "x": false}, "s": "ETHUSDT"}, "stream": "ethusdt@kline_4h"}, "timestamp": "2026-03-15T21:49:45.671905+00:00"}
{"payload": {"data": {"k": {"T": 1773611999999, "c": "2138.6", "h": "2144.43", "i": "1h", "l": "2123.34", "o": "2129.01", "q": "2589273.661625", "t": 1773608400000, "v": "1213.7965", "x": false}, "s": "ETHUSDT"}, "stream": "ethusdt@kline_1h"}, "timestamp": "2026-03-15T21:49:45.671960+00:00"}
{"payload": {"data": {"A": "0.021", "B": "0.111434", "E": 1773610893250, "a": "72082.16", "b": "72082.15", "s": "BTCUSDT"}, "stream": "btcusdt@bookTicker"}, "timestamp": "2026-03-15T21:49:45.672005+00:00"}
{"payload": {"data": {"A": "9.8491", "B": "21.741", "E": 1773610893252, "a": "89.78", "b": "89.77", "s": "SOLUSDT"}, "stream": "solusdt@bookTicker"}, "timestamp": "2026-03-15T21:49:45.672046+00:00"}
{"payload": {"data": {"A": "2.9898", "B": "0.0497", "E": 1773610893251, "a": "2138.61", "b": "2138.6", "s": "ETHUSDT"}, "stream": "ethusdt@bookTicker"}, "timestamp": "2026-03-15T21:49:45.672087+00:00"}
{"payload": {"data": {"A": "182.1609", "B": "6.5523", "E": 1773610893555, "a": "89.78", "b": "89.76", "s": "SOLUSDT"}, "stream": "solusdt@bookTicker"}, "timestamp": "2026-03-15T21:49:45.672126+00:00"}
{"payload": {"data": {"A": "0.04125", "B": "0.071407", "E": 1773610893556, "a": "72082.16", "b": "72082.15", "s": "BTCUSDT"}, "stream": "btcusdt@bookTicker"}, "timestamp": "2026-03-15T21:49:45.672166+00:00"}
{"payload": {"data": {"A": "0.36", "B": "0.1556", "E": 1773610893556, "a": "2138.41", "b": "2138.4", "s": "ETHUSDT"}, "stream": "ethusdt@bookTicker"}, "timestamp": "2026-03-15T21:49:45.672205+00:00"}
{"payload": {"data": {"k": {"T": 1773619199999, "c": "72082.15", "h": "72217.47", "i": "4h", "l": "71429.07", "o": "71553.27", "q": "5730031.16362276", "t": 1773604800000, "v": "79.81978", "x": false}, "s": "BTCUSDT"}, "stream": "btcusdt@kline_4h"}, "timestamp": "2026-03-15T21:49:45.672245+00:00"}
{"payload": {"data": {"k": {"T": 1773611999999, "c": "72082.15", "h": "72217.47", "i": "1h", "l": "71625.28", "o": "71727", "q": "2417185.43188593", "t": 1773608400000, "v": "33.600991", "x": false}, "s": "BTCUSDT"}, "stream": "btcusdt@kline_1h"}, "timestamp": "2026-03-15T21:49:45.672299+00:00"}
{"payload": {"data": {"A": "0.04125", "B": "0.071407", "E": 1773610893864, "a": "72082.16", "b": "72082.15", "s": "BTCUSDT"}, "stream": "btcusdt@bookTicker"}, "timestamp": "2026-03-15T21:49:45.672342+00:00"}
{"payload": {"data": {"A": "182.1609", "B": "6.5523", "E": 1773610893867, "a": "89.78", "b": "89.76", "s": "SOLUSDT"}, "stream": "solusdt@bookTicker"}, "timestamp": "2026-03-15T21:49:45.672389+00:00"}
{"payload": {"data": {"A": "0.8378", "B": "2.0404", "E": 1773610893867, "a": "2138.52", "b": "2138.51", "s": "ETHUSDT"}, "stream": "ethusdt@bookTicker"}, "timestamp": "2026-03-15T21:49:45.672429+00:00"}
{"payload": {"data": {"k": {"T": 1773619199999, "c": "2138.45", "h": "2144.43", "i": "4h", "l": "2110", "o": "2113.39", "q": "6037741.638794", "t": 1773604800000, "v": "2837.1822", "x": false}, "s": "ETHUSDT"}, "stream": "ethusdt@kline_4h"}, "timestamp": "2026-03-15T21:49:45.672469+00:00"}
{"payload": {"data": {"k": {"T": 1773611999999, "c": "2138.45", "h": "2144.43", "i": "1h", "l": "2123.34", "o": "2129.01", "q": "2589538.834972", "t": 1773608400000, "v": "1213.9205", "x": false}, "s": "ETHUSDT"}, "stream": "ethusdt@kline_1h"}, "timestamp": "2026-03-15T21:49:45.672522+00:00"}
{"payload": {"data": {"A": "0.04125", "B": "0.071407", "E": 1773610894168, "a": "72082.16", "b": "72082.15", "s": "BTCUSDT"}, "stream": "btcusdt@bookTicker"}, "timestamp": "2026-03-15T21:49:45.672565+00:00"}
{"payload": {"data": {"A": "0.8378", "B": "2.0404", "E": 1773610894169, "a": "2138.52", "b": "2138.51", "s": "ETHUSDT"}, "stream": "ethusdt@bookTicker"}, "timestamp": "2026-03-15T21:49:45.672610+00:00"}
{"payload": {"data": {"A": "1839.7726", "B": "345.1413", "E": 1773610894170, "a": "89.77", "b": "89.74", "s": "SOLUSDT"}, "stream": "solusdt@bookTicker"}, "timestamp": "2026-03-15T21:49:45.672650+00:00"}
{"payload": {"data": {"A": "0.8378", "B": "2.0404", "E": 1773610894452, "a": "2138.52", "b": "2138.51", "s": "ETHUSDT"}, "stream": "ethusdt@bookTicker"}, "timestamp": "2026-03-15T21:49:45.672690+00:00"}
{"payload": {"data": {"A": "1.7618", "B": "7.6893", "E": 1773610894451, "a": "89.78", "b": "89.77", "s": "SOLUSDT"}, "stream": "solusdt@bookTicker"}, "timestamp": "2026-03-15T21:49:45.672730+00:00"}
{"payload": {"data": {"A": "0.04125", "B": "0.071407", "E": 1773610894452, "a": "72082.16", "b": "72082.15", "s": "BTCUSDT"}, "stream": "btcusdt@bookTicker"}, "timestamp": "2026-03-15T21:49:45.672770+00:00"}
{"payload": {"data": {"A": "0.04125", "B": "0.071407", "E": 1773610894784, "a": "72082.16", "b": "72082.15", "s": "BTCUSDT"}, "stream": "btcusdt@bookTicker"}, "timestamp": "2026-03-15T21:49:45.672809+00:00"}
{"payload": {"data": {"A": "2.0404", "B": "0.1235", "E": 1773610894786, "a": "2138.41", "b": "2138.4", "s": "ETHUSDT"}, "stream": "ethusdt@bookTicker"}, "timestamp": "2026-03-15T21:49:45.672848+00:00"}
{"payload": {"data": {"A": "10.338", "B": "37.6741", "E": 1773610894789, "a": "89.79", "b": "89.78", "s": "SOLUSDT"}, "stream": "solusdt@bookTicker"}, "timestamp": "2026-03-15T21:49:45.672887+00:00"}
{"payload": {"data": {"E": 1773610894941, "m": false, "p": "72089.9", "q": "0.000276", "s": "BTCUSDT"}, "stream": "btcusdt@trade"}, "timestamp": "2026-03-15T21:49:45.672928+00:00"}
{"payload": {"data": {"E": 1773610894941, "m": false, "p": "72089.9", "q": "0.000138", "s": "BTCUSDT"}, "stream": "btcusdt@trade"}, "timestamp": "2026-03-15T21:49:45.672963+00:00"}
{"payload": {"data": {"E": 1773610894943, "m": false, "p": "89.79", "q": "0.1581", "s": "SOLUSDT"}, "stream": "solusdt@trade"}, "timestamp": "2026-03-15T21:49:45.673002+00:00"}
{"payload": {"data": {"k": {"T": 1773619199999, "c": "72089.9", "h": "72217.47", "i": "4h", "l": "71429.07", "o": "71553.27", "q": "5730061.00884136", "t": 1773604800000, "v": "79.820194", "x": false}, "s": "BTCUSDT"}, "stream": "btcusdt@kline_4h"}, "timestamp": "2026-03-15T21:49:45.673042+00:00"}
{"payload": {"data": {"k": {"T": 1773619199999, "c": "89.79", "h": "90.15", "i": "4h", "l": "87.99", "o": "88.19", "q": "2062311.106209", "t": 1773604800000, "v": "23113.0493", "x": false}, "s": "SOLUSDT"}, "stream": "solusdt@kline_4h"}, "timestamp": "2026-03-15T21:49:45.673091+00:00"}
{"payload": {"data": {"k": {"T": 1773611999999, "c": "72089.9", "h": "72217.47", "i": "1h", "l": "71625.28", "o": "71727", "q": "2417215.27710453", "t": 1773608400000, "v": "33.601405", "x": false}, "s": "BTCUSDT"}, "stream": "btcusdt@kline_1h"}, "timestamp": "2026-03-15T21:49:45.673143+00:00"}
{"payload": {"data": {"k": {"T": 1773611999999, "c": "89.79", "h": "90.15", "i": "1h", "l": "88.57", "o": "88.76", "q": "1528309.894036", "t": 1773608400000, "v": "17077.9536", "x": false}, "s": "SOLUSDT"}, "stream": "solusdt@kline_1h"}, "timestamp": "2026-03-15T21:49:45.673189+00:00"}
{"payload": {"data": {"E": 1773610895042, "m": false, "p": "2138.56", "q": "0.0047", "s": "ETHUSDT"}, "stream": "ethusdt@trade"}, "timestamp": "2026-03-15T21:49:45.673232+00:00"}
{"payload": {"data": {"E": 1773610895043, "m": false, "p": "89.79", "q": "0.3308", "s": "SOLUSDT"}, "stream": "solusdt@trade"}, "timestamp": "2026-03-15T21:49:45.673271+00:00"}
{"payload": {"data": {"E": 1773610895046, "m": false, "p": "72090.52", "q": "0.000138", "s": "BTCUSDT"}, "stream": "btcusdt@trade"}, "timestamp": "2026-03-15T21:49:45.673309+00:00"}
{"payload": {"data": {"E": 1773610895046, "m": false, "p": "72090.53", "q": "0.000137", "s": "BTCUSDT"}, "stream": "btcusdt@trade"}, "timestamp": "2026-03-15T21:49:45.673348+00:00"}
{"payload": {"data": {"E": 1773610895059, "m": false, "p": "72091.96", "q": "0.000545", "s": "BTCUSDT"}, "stream": "btcusdt@trade"}, "timestamp": "2026-03-15T21:49:45.673386+00:00"}
{"payload": {"data": {"A": "2.0404", "B": "0.1235", "E": 1773610895067, "a": "2138.41", "b": "2138.4", "s": "ETHUSDT"}, "stream": "ethusdt@bookTicker"}, "timestamp": "2026-03-15T21:49:45.673425+00:00"}
{"payload": {"data": {"A": "0.04125", "B": "0.071407", "E": 1773610895067, "a": "72082.16", "b": "72082.15", "s": "BTCUSDT"}, "stream": "btcusdt@bookTicker"}, "timestamp": "2026-03-15T21:49:45.673467+00:00"}
{"payload": {"data": {"A": "10.338", "B": "37.6741", "E": 1773610895068, "a": "89.79", "b": "89.78", "s": "SOLUSDT"}, "stream": "solusdt@bookTicker"}, "timestamp": "2026-03-15T21:49:45.673507+00:00"}
{"payload": {"data": {"E": 1773610895160, "m": false, "p": "2138.61", "q": "0.0212", "s": "ETHUSDT"}, "stream": "ethusdt@trade"}, "timestamp": "2026-03-15T21:49:45.673547+00:00"}
{"payload": {"data": {"E": 1773610895164, "m": false, "p": "2138.61", "q": "0.0075", "s": "ETHUSDT"}, "stream": "ethusdt@trade"}, "timestamp": "2026-03-15T21:49:45.673588+00:00"}
{"payload": {"data": {"E": 1773610895163, "m": false, "p": "2138.61", "q": "0.0881", "s": "ETHUSDT"}, "stream": "ethusdt@trade"}, "timestamp": "2026-03-15T21:49:45.673625+00:00"}
{"payload": {"data": {"E": 1773610895164, "m": false, "p": "2138.61", "q": "0.0007", "s": "ETHUSDT"}, "stream": "ethusdt@trade"}, "timestamp": "2026-03-15T21:49:45.673664+00:00"}
{"payload": {"data": {"E": 1773610895164, "m": false, "p": "2138.61", "q": "0.0143", "s": "ETHUSDT"}, "stream": "ethusdt@trade"}, "timestamp": "2026-03-15T21:49:45.673702+00:00"}
{"payload": {"data": {"k": {"T": 1773619199999, "c": "2138.61", "h": "2144.43", "i": "4h", "l": "2110", "o": "2113.39", "q": "6037797.028558", "t": 1773604800000, "v": "2837.2081", "x": false}, "s": "ETHUSDT"}, "stream": "ethusdt@kline_4h"}, "timestamp": "2026-03-15T21:49:45.673741+00:00"}
{"payload": {"data": {"k": {"T": 1773611999999, "c": "2138.61", "h": "2144.43", "i": "1h", "l": "2123.34", "o": "2129.01", "q": "2589594.224736", "t": 1773608400000, "v": "1213.9464", "x": false}, "s": "ETHUSDT"}, "stream": "ethusdt@kline_1h"}, "timestamp": "2026-03-15T21:49:45.673795+00:00"}
{"payload": {"data": {"A": "0.052207", "B": "0.131351", "E": 1773610895394, "a": "72099.21", "b": "72099.2", "s": "BTCUSDT"}, "stream": "btcusdt@bookTicker"}, "timestamp": "2026-03-15T21:49:45.673839+00:00"}
{"payload": {"data": {"A": "0.0437", "B": "0.8596", "E": 1773610895395, "a": "2139", "b": "2138.99", "s": "ETHUSDT"}, "stream": "ethusdt@bookTicker"}, "timestamp": "2026-03-15T21:49:45.673881+00:00"}
{"payload": {"data": {"A": "9.8491", "B": "153.8564", "E": 1773610895395, "a": "89.81", "b": "89.8", "s": "SOLUSDT"}, "stream": "solusdt@bookTicker"}, "timestamp": "2026-03-15T21:49:45.673921+00:00"}
{"payload": {"data": {"A": "0.0437", "B": "0.8596", "E": 1773610895677, "a": "2139", "b": "2138.99", "s": "ETHUSDT"}, "stream": "ethusdt@bookTicker"}, "timestamp": "2026-03-15T21:49:45.673961+00:00"}
{"payload": {"data": {"A": "9.8491", "B": "1.0365", "E": 1773610895677, "a": "89.81", "b": "89.8", "s": "SOLUSDT"}, "stream": "solusdt@bookTicker"}, "timestamp": "2026-03-15T21:49:45.674002+00:00"}
{"payload": {"data": {"A": "0.021", "B": "0.071407", "E": 1773610895676, "a": "72082.16", "b": "72082.15", "s": "BTCUSDT"}, "stream": "btcusdt@bookTicker"}, "timestamp": "2026-03-15T21:49:45.674042+00:00"}
{"payload": {"data": {"A": "0.1194", "B": "0.8596", "E": 1773610895981, "a": "2139", "b": "2138.99", "s": "ETHUSDT"}, "stream": "ethusdt@bookTicker"}, "timestamp": "2026-03-15T21:49:45.674082+00:00"}
{"payload": {"data": {"A": "0.027184", "B": "0.137784", "E": 1773610895984, "a": "72093.42", "b": "72093.41", "s": "BTCUSDT"}, "stream": "btcusdt@bookTicker"}, "timestamp": "2026-03-15T21:49:45.674121+00:00"}
{"payload": {"data": {"A": "9.8491", "B": "15.1552", "E": 1773610895985, "a": "89.81", "b": "89.8", "s": "SOLUSDT"}, "stream": "solusdt@bookTicker"}, "timestamp": "2026-03-15T21:49:45.674161+00:00"}
{"payload": {"data": {"k": {"T": 1773619199999, "c": "89.79", "h": "90.15", "i": "4h", "l": "87.99", "o": "88.19", "q": "2062340.808741", "t": 1773604800000, "v": "23113.3801", "x": false}, "s": "SOLUSDT"}, "stream": "solusdt@kline_4h"}, "timestamp": "2026-03-15T21:49:45.674200+00:00"}
{"payload": {"data": {"k": {"T": 1773611999999, "c": "89.79", "h": "90.15", "i": "1h", "l": "88.57", "o": "88.76", "q": "1528339.596568", "t": 1773608400000, "v": "17078.2844", "x": false}, "s": "SOLUSDT"}, "stream": "solusdt@kline_1h"}, "timestamp": "2026-03-15T21:49:45.674254+00:00"}
{"payload": {"data": {"A": "0.065083", "B": "0.076634", "E": 1773610896296, "a": "72099.21", "b": "72099.2", "s": "BTCUSDT"}, "stream": "btcusdt@bookTicker"}, "timestamp": "2026-03-15T21:49:45.674297+00:00"}
{"payload": {"data": {"A": "0.15", "B": "0.8596", "E": 1773610896297, "a": "2139", "b": "2138.99", "s": "ETHUSDT"}, "stream": "ethusdt@bookTicker"}, "timestamp": "2026-03-15T21:49:45.674339+00:00"}
{"payload": {"data": {"A": "12.1834", "B": "35.7476", "E": 1773610896298, "a": "89.81", "b": "89.79", "s": "SOLUSDT"}, "stream": "solusdt@bookTicker"}, "timestamp": "2026-03-15T21:49:45.674379+00:00"}
{"payload": {"data": {"k": {"T": 1773619199999, "c": "72091.96", "h": "72217.47", "i": "4h", "l": "71429.07", "o": "71553.27", "q": "5730120.12385393", "t": 1773604800000, "v": "79.821014", "x": false}, "s": "BTCUSDT"}, "stream": "btcusdt@kline_4h"}, "timestamp": "2026-03-15T21:49:45.674418+00:00"}
{"payload": {"data": {"k": {"T": 1773611999999, "c": "72091.96", "h": "72217.47", "i": "1h", "l": "71625.28", "o": "71727", "q": "2417274.3921171", "t": 1773608400000, "v": "33.602225", "x": false}, "s": "BTCUSDT"}, "stream": "btcusdt@kline_1h"}, "timestamp": "2026-03-15T21:49:45.674470+00:00"}
{"payload": {"data": {"A": "12.1834", "B": "24.7722", "E": 1773610896598, "a": "89.81", "b": "89.79", "s": "SOLUSDT"}, "stream": "solusdt@bookTicker"}, "timestamp": "2026-03-15T21:49:45.674514+00:00"}
{"payload": {"data": {"A": "0.15", "B": "0.8596", "E": 1773610896599, "a": "2139", "b": "2138.99", "s": "ETHUSDT"}, "stream": "ethusdt@bookTicker"}, "timestamp": "2026-03-15T21:49:45.674556+00:00"}
{"payload": {"data": {"A": "0.065083", "B": "0.076634", "E": 1773610896599, "a": "72099.21", "b": "72099.2", "s": "BTCUSDT"}, "stream": "btcusdt@bookTicker"}, "timestamp": "2026-03-15T21:49:45.674596+00:00"}
{"payload": {"data": {"A": "0.065083", "B": "0.076634", "E": 1773610896883, "a": "72099.21", "b": "72099.2", "s": "BTCUSDT"}, "stream": "btcusdt@bookTicker"}, "timestamp": "2026-03-15T21:49:45.674636+00:00"}
{"payload": {"data": {"A": "0.15", "B": "0.8596", "E": 1773610896883, "a": "2139", "b": "2138.99", "s": "ETHUSDT"}, "stream": "ethusdt@bookTicker"}, "timestamp": "2026-03-15T21:49:45.674679+00:00"}
{"payload": {"data": {"A": "12.1834", "B": "24.7722", "E": 1773610896885, "a": "89.81", "b": "89.79", "s": "SOLUSDT"}, "stream": "solusdt@bookTicker"}, "timestamp": "2026-03-15T21:49:45.674719+00:00"}
{"payload": {"data": {"k": {"T": 1773619199999, "c": "2138.61", "h": "2144.43", "i": "4h", "l": "2110", "o": "2113.39", "q": "6038033.558824", "t": 1773604800000, "v": "2837.3187", "x": false}, "s": "ETHUSDT"}, "stream": "ethusdt@kline_4h"}, "timestamp": "2026-03-15T21:49:45.674759+00:00"}
{"payload": {"data": {"k": {"T": 1773611999999, "c": "2138.61", "h": "2144.43", "i": "1h", "l": "2123.34", "o": "2129.01", "q": "2589830.755002", "t": 1773608400000, "v": "1214.057", "x": false}, "s": "ETHUSDT"}, "stream": "ethusdt@kline_1h"}, "timestamp": "2026-03-15T21:49:45.674812+00:00"}
{"payload": {"data": {"A": "0.0804", "B": "0.8596", "E": 1773610897207, "a": "2139", "b": "2138.99", "s": "ETHUSDT"}, "stream": "ethusdt@bookTicker"}, "timestamp": "2026-03-15T21:49:45.674855+00:00"}
{"payload": {"data": {"A": "12.1834", "B": "1.0365", "E": 1773610897209, "a": "89.81", "b": "89.8", "s": "SOLUSDT"}, "stream": "solusdt@bookTicker"}, "timestamp": "2026-03-15T21:49:45.674897+00:00"}
{"payload": {"data": {"A": "0.065083", "B": "0.076634", "E": 1773610897209, "a": "72099.21", "b": "72099.2", "s": "BTCUSDT"}, "stream": "btcusdt@bookTicker"}, "timestamp": "2026-03-15T21:49:45.674936+00:00"}
{"payload": {"data": {"A": "0.065083", "B": "0.076634", "E": 1773610897486, "a": "72099.21", "b": "72099.2", "s": "BTCUSDT"}, "stream": "btcusdt@bookTicker"}, "timestamp": "2026-03-15T21:49:45.674975+00:00"}
{"payload": {"data": {"A": "0.15", "B": "0.8596", "E": 1773610897487, "a": "2139", "b": "2138.99", "s": "ETHUSDT"}, "stream": "ethusdt@bookTicker"}, "timestamp": "2026-03-15T21:49:45.675014+00:00"}
{"payload": {"data": {"A": "12.1834", "B": "1.9936", "E": 1773610897488, "a": "89.81", "b": "89.8", "s": "SOLUSDT"}, "stream": "solusdt@bookTicker"}, "timestamp": "2026-03-15T21:49:45.675053+00:00"}
{"payload": {"data": {"A": "0.065083", "B": "0.076634", "E": 1773610897796, "a": "72099.21", "b": "72099.2", "s": "BTCUSDT"}, "stream": "btcusdt@bookTicker"}, "timestamp": "2026-03-15T21:49:45.675092+00:00"}
{"payload": {"data": {"A": "0.0804", "B": "0.8596", "E": 1773610897800, "a": "2139", "b": "2138.99", "s": "ETHUSDT"}, "stream": "ethusdt@bookTicker"}, "timestamp": "2026-03-15T21:49:45.675131+00:00"}
{"payload": {"data": {"A": "12.1834", "B": "20.0147", "E": 1773610897799, "a": "89.81", "b": "89.79", "s": "SOLUSDT"}, "stream": "solusdt@bookTicker"}, "timestamp": "2026-03-15T21:49:45.675171+00:00"}
{"payload": {"data": {"E": 1773610897889, "m": false, "p": "2139", "q": "0.0173", "s": "ETHUSDT"}, "stream": "ethusdt@trade"}, "timestamp": "2026-03-15T21:49:45.675210+00:00"}
{"payload": {"data": {"E": 1773610897889, "m": false, "p": "2139", "q": "0.0047", "s": "ETHUSDT"}, "stream": "ethusdt@trade"}, "timestamp": "2026-03-15T21:49:45.675245+00:00"}
{"payload": {"data": {"E": 1773610897890, "m": false, "p": "2139", "q": "0.0092", "s": "ETHUSDT"}, "stream": "ethusdt@trade"}, "timestamp": "2026-03-15T21:49:45.675285+00:00"}
{"payload": {"data": {"E": 1773610897978, "m": false, "p": "2139", "q": "0.0492", "s": "ETHUSDT"}, "stream": "ethusdt@trade"}, "timestamp": "2026-03-15T21:49:45.675323+00:00"}
{"payload": {"data": {"E": 1773610898031, "m": false, "p": "2139.07", "q": "0.015", "s": "ETHUSDT"}, "stream": "ethusdt@trade"}, "timestamp": "2026-03-15T21:49:45.675361+00:00"}
{"payload": {"data": {"A": "0.002544", "B": "0.102024", "E": 1773610898091, "a": "72099.21", "b": "72099.2", "s": "BTCUSDT"}, "stream": "btcusdt@bookTicker"}, "timestamp": "2026-03-15T21:49:45.675401+00:00"}
{"payload": {"data": {"A": "9.8491", "B": "16.496", "E": 1773610898090, "a": "89.81", "b": "89.8", "s": "SOLUSDT"}, "stream": "solusdt@bookTicker"}, "timestamp": "2026-03-15T21:49:45.675442+00:00"}
{"payload": {"data": {"A": "0.015", "B": "2.0884", "E": 1773610898092, "a": "2139.07", "b": "2139.06", "s": "ETHUSDT"}, "stream": "ethusdt@bookTicker"}, "timestamp": "2026-03-15T21:49:45.675482+00:00"}
{"payload": {"data": {"A": "9.8491", "B": "17.5325", "E": 1773610898396, "a": "89.81", "b": "89.8", "s": "SOLUSDT"}, "stream": "solusdt@bookTicker"}, "timestamp": "2026-03-15T21:49:45.675522+00:00"}
{"payload": {"data": {"A": "0.1432", "B": "2.8988", "E": 1773610898397, "a": "2139.33", "b": "2139.32", "s": "ETHUSDT"}, "stream": "ethusdt@bookTicker"}, "timestamp": "2026-03-15T21:49:45.675561+00:00"}
{"payload": {"data": {"A": "0.022794", "B": "0.10152", "E": 1773610898396, "a": "72099.21", "b": "72099.2", "s": "BTCUSDT"}, "stream": "btcusdt@bookTicker"}, "timestamp": "2026-03-15T21:49:45.675600+00:00"}
{"payload": {"data": {"A": "0.0804", "B": "0.8596", "E": 1773610898688, "a": "2139", "b": "2138.99", "s": "ETHUSDT"}, "stream": "ethusdt@bookTicker"}, "timestamp": "2026-03-15T21:49:45.675639+00:00"}
{"payload": {"data": {"A": "0.03028", "B": "0.076415", "E": 1773610898689, "a": "72099.21", "b": "72099.2", "s": "BTCUSDT"}, "stream": "btcusdt@bookTicker"}, "timestamp": "2026-03-15T21:49:45.675682+00:00"}
{"payload": {"data": {"A": "12.1834", "B": "20.0147", "E": 1773610898691, "a": "89.81", "b": "89.79", "s": "SOLUSDT"}, "stream": "solusdt@bookTicker"}, "timestamp": "2026-03-15T21:49:45.675722+00:00"}
{"payload": {"data": {"A": "0.022794", "B": "0.10152", "E": 1773610898998, "a": "72099.21", "b": "72099.2", "s": "BTCUSDT"}, "stream": "btcusdt@bookTicker"}, "timestamp": "2026-03-15T21:49:45.675762+00:00"}
{"payload": {"data": {"A": "0.1538", "B": "2.4314", "E": 1773610898998, "a": "2139.33", "b": "2139.32", "s": "ETHUSDT"}, "stream": "ethusdt@bookTicker"}, "timestamp": "2026-03-15T21:49:45.675801+00:00"}
{"payload": {"data": {"A": "3.108", "B": "4.2617", "E": 1773610898998, "a": "89.81", "b": "89.8", "s": "SOLUSDT"}, "stream": "solusdt@bookTicker"}, "timestamp": "2026-03-15T21:49:45.675840+00:00"}
{"payload": {"data": {"k": {"T": 1773619199999, "c": "2139.07", "h": "2144.43", "i": "4h", "l": "2110", "o": "2113.39", "q": "6038237.620474", "t": 1773604800000, "v": "2837.4141", "x": false}, "s": "ETHUSDT"}, "stream": "ethusdt@kline_4h"}, "timestamp": "2026-03-15T21:49:45.675879+00:00"}
{"payload": {"data": {"k": {"T": 1773611999999, "c": "2139.07", "h": "2144.43", "i": "1h", "l": "2123.34", "o": "2129.01", "q": "2590034.816652", "t": 1773608400000, "v": "1214.1524", "x": false}, "s": "ETHUSDT"}, "stream": "ethusdt@kline_1h"}, "timestamp": "2026-03-15T21:49:45.675936+00:00"}
{"payload": {"data": {"A": "0.022794", "B": "0.10152", "E": 1773610899299, "a": "72099.21", "b": "72099.2", "s": "BTCUSDT"}, "stream": "btcusdt@bookTicker"}, "timestamp": "2026-03-15T21:49:45.675979+00:00"}
{"payload": {"data": {"A": "0.1538", "B": "2.4314", "E": 1773610899300, "a": "2139.33", "b": "2139.32", "s": "ETHUSDT"}, "stream": "ethusdt@bookTicker"}, "timestamp": "2026-03-15T21:49:45.676020+00:00"}
{"payload": {"data": {"A": "194.6187", "B": "8.2655", "E": 1773610899300, "a": "89.82", "b": "89.8", "s": "SOLUSDT"}, "stream": "solusdt@bookTicker"}, "timestamp": "2026-03-15T21:49:45.676060+00:00"}
{"payload": {"data": {"E": 1773610899315, "m": false, "p": "72099.22", "q": "0.000453", "s": "BTCUSDT"}, "stream": "btcusdt@trade"}, "timestamp": "2026-03-15T21:49:45.676099+00:00"}
{"payload": {"data": {"k": {"T": 1773619199999, "c": "72099.22", "h": "72217.47", "i": "4h", "l": "71429.07", "o": "71553.27", "q": "5730152.78480059", "t": 1773604800000, "v": "79.821467", "x": false}, "s": "BTCUSDT"}, "stream": "btcusdt@kline_4h"}, "timestamp": "2026-03-15T21:49:45.676139+00:00"}
{"payload": {"data": {"k": {"T": 1773611999999, "c": "72099.22", "h": "72217.47", "i": "1h", "l": "71625.28", "o": "71727", "q": "2417307.05306376", "t": 1773608400000, "v": "33.602678", "x": false}, "s": "BTCUSDT"}, "stream": "btcusdt@kline_1h"}, "timestamp": "2026-03-15T21:49:45.676191+00:00"}
{"payload": {"data": {"E": 1773610899546, "m": false, "p": "2139.33", "q": "0.001", "s": "ETHUSDT"}, "stream": "ethusdt@trade"}, "timestamp": "2026-03-15T21:49:45.676236+00:00"}
{"payload": {"data": {"E": 1773610899546, "m": false, "p": "2139.33", "q": "0.1158", "s": "ETHUSDT"}, "stream": "ethusdt@trade"}, "timestamp": "2026-03-15T21:49:45.676270+00:00"}
{"payload": {"data": {"A": "194.6187", "B": "8.2655", "E": 1773610899591, "a": "89.82", "b": "89.8", "s": "SOLUSDT"}, "stream": "solusdt@bookTicker"}, "timestamp": "2026-03-15T21:49:45.676310+00:00"}
{"payload": {"data": {"A": "0.1538", "B": "2.4314", "E": 1773610899592, "a": "2139.33", "b": "2139.32", "s": "ETHUSDT"}, "stream": "ethusdt@bookTicker"}, "timestamp": "2026-03-15T21:49:45.676351+00:00"}
{"payload": {"data": {"A": "0.022794", "B": "0.10152", "E": 1773610899592, "a": "72099.21", "b": "72099.2", "s": "BTCUSDT"}, "stream": "btcusdt@bookTicker"}, "timestamp": "2026-03-15T21:49:45.676390+00:00"}
{"payload": {"data": {"E": 1773610899718, "m": true, "p": "72102.89", "q": "0.027145", "s": "BTCUSDT"}, "stream": "btcusdt@trade"}, "timestamp": "2026-03-15T21:49:45.676431+00:00"}
{"payload": {"data": {"E": 1773610899718, "m": true, "p": "72102.89", "q": "0.004149", "s": "BTCUSDT"}, "stream": "btcusdt@trade"}, "timestamp": "2026-03-15T21:49:45.676465+00:00"}
{"payload": {"data": {"E": 1773610899718, "m": true, "p": "72099.22", "q": "0.003393", "s": "BTCUSDT"}, "stream": "btcusdt@trade"}, "timestamp": "2026-03-15T21:49:45.676510+00:00"}
{"payload": {"data": {"E": 1773610899718, "m": true, "p": "72099.22", "q": "0.034475", "s": "BTCUSDT"}, "stream": "btcusdt@trade"}, "timestamp": "2026-03-15T21:49:45.676545+00:00"}
{"payload": {"data": {"E": 1773610899718, "m": true, "p": "72102.89", "q": "0.027145", "s": "BTCUSDT"}, "stream": "btcusdt@trade"}, "timestamp": "2026-03-15T21:49:45.676579+00:00"}
{"payload": {"data": {"E": 1773610899718, "m": true, "p": "72102.89", "q": "0.006933", "s": "BTCUSDT"}, "stream": "btcusdt@trade"}, "timestamp": "2026-03-15T21:49:45.676612+00:00"}
{"payload": {"data": {"E": 1773610899718, "m": true, "p": "72102.89", "q": "0.031199", "s": "BTCUSDT"}, "stream": "btcusdt@trade"}, "timestamp": "2026-03-15T21:49:45.676645+00:00"}
{"payload": {"data": {"E": 1773610899718, "m": true, "p": "72102.89", "q": "0.02025", "s": "BTCUSDT"}, "stream": "btcusdt@trade"}, "timestamp": "2026-03-15T21:49:45.676682+00:00"}
{"payload": {"data": {"E": 1773610899840, "m": true, "p": "72092.01", "q": "0.000138", "s": "BTCUSDT"}, "stream": "btcusdt@trade"}, "timestamp": "2026-03-15T21:49:45.676722+00:00"}
{"payload": {"data": {"E": 1773610899840, "m": true, "p": "72092.02", "q": "0.000138", "s": "BTCUSDT"}, "stream": "btcusdt@trade"}, "timestamp": "2026-03-15T21:49:45.676755+00:00"}
{"payload": {"data": {"E": 1773610899843, "m": true, "p": "2139.55", "q": "2.0404", "s": "ETHUSDT"}, "stream": "ethusdt@trade"}, "timestamp": "2026-03-15T21:49:45.676792+00:00"}
{"payload": {"data": {"A": "0.1168", "B": "2.8988", "E": 1773610899899, "a": "2139.33", "b": "2139.32", "s": "ETHUSDT"}, "stream": "ethusdt@bookTicker"}, "timestamp": "2026-03-15T21:49:45.676831+00:00"}
{"payload": {"data": {"A": "0.079797", "B": "0.157822", "E": 1773610899900, "a": "72102.9", "b": "72102.89", "s": "BTCUSDT"}, "stream": "btcusdt@bookTicker"}, "timestamp": "2026-03-15T21:49:45.676871+00:00"}
{"payload": {"data": {"A": "194.6187", "B": "9.302", "E": 1773610899900, "a": "89.82", "b": "89.8", "s": "SOLUSDT"}, "stream": "solusdt@bookTicker"}, "timestamp": "2026-03-15T21:49:45.676911+00:00"}
{"payload": {"data": {"k": {"T": 1773619199999, "c": "2139.55", "h": "2144.43", "i": "4h", "l": "2110", "o": "2113.39", "q": "6042853.032038", "t": 1773604800000, "v": "2839.5713", "x": false}, "s": "ETHUSDT"}, "stream": "ethusdt@kline_4h"}, "timestamp": "2026-03-15T21:49:45.676951+00:00"}
{"payload": {"data": {"k": {"T": 1773611999999, "c": "2139.55", "h": "2144.43", "i": "1h", "l": "2123.34", "o": "2129.01", "q": "2594650.228216", "t": 1773608400000, "v": "1216.3096", "x": false}, "s": "ETHUSDT"}, "stream": "ethusdt@kline_1h"}, "timestamp": "2026-03-15T21:49:45.677003+00:00"}
{"payload": {"data": {"A": "0.022794", "B": "0.10152", "E": 1773610900236, "a": "72099.21", "b": "72099.2", "s": "BTCUSDT"}, "stream": "btcusdt@bookTicker"}, "timestamp": "2026-03-15T21:49:45.677046+00:00"}
{"payload": {"data": {"A": "1841.8441", "B": "4.2222", "E": 1773610900240, "a": "89.8", "b": "89.79", "s": "SOLUSDT"}, "stream": "solusdt@bookTicker"}, "timestamp": "2026-03-15T21:49:45.677087+00:00"}
{"payload": {"data": {"A": "3.0017", "B": "2.0404", "E": 1773610900239, "a": "2139.56", "b": "2139.55", "s": "ETHUSDT"}, "stream": "ethusdt@bookTicker"}, "timestamp": "2026-03-15T21:49:45.677127+00:00"}
{"payload": {"data": {"k": {"T": 1773619199999, "c": "72092.01", "h": "72217.47", "i": "4h", "l": "71429.07", "o": "71553.27", "q": "5741326.06717238", "t": 1773604800000, "v": "79.976432", "x": false}, "s": "BTCUSDT"}, "stream": "btcusdt@kline_4h"}, "timestamp": "2026-03-15T21:49:45.677166+00:00"}
{"payload": {"data": {"A": "0.5193", "B": "0.0082", "E": 1773610900516, "a": "2139.21", "b": "2139.2", "s": "ETHUSDT"}, "stream": "ethusdt@bookTicker"}, "timestamp": "2026-03-15T21:49:45.677210+00:00"}
{"payload": {"data": {"A": "2.0715", "B": "11.1383", "E": 1773610900520, "a": "89.79", "b": "89.78", "s": "SOLUSDT"}, "stream": "solusdt@bookTicker"}, "timestamp": "2026-03-15T21:49:45.677254+00:00"}
{"payload": {"data": {"A": "0.118666", "B": "0.007071", "E": 1773610900519, "a": "72090.56", "b": "72090.55", "s": "BTCUSDT"}, "stream": "btcusdt@bookTicker"}, "timestamp": "2026-03-15T21:49:45.677297+00:00"}
{"payload": {"data": {"k": {"T": 1773611999999, "c": "72092.01", "h": "72217.47", "i": "1h", "l": "71625.28", "o": "71727", "q": "2428480.33543555", "t": 1773608400000, "v": "33.757643", "x": false}, "s": "BTCUSDT"}, "stream": "btcusdt@kline_1h"}, "timestamp": "2026-03-15T21:49:45.677340+00:00"}
{"payload": {"data": {"E": 1773610900529, "m": true, "p": "72090.55", "q": "0.006933", "s": "BTCUSDT"}, "stream": "btcusdt@trade"}, "timestamp": "2026-03-15T21:49:45.677386+00:00"}
{"payload": {"data": {"E": 1773610900529, "m": true, "p": "72090.55", "q": "0.000138", "s": "BTCUSDT"}, "stream": "btcusdt@trade"}, "timestamp": "2026-03-15T21:49:45.677421+00:00"}
{"payload": {"data": {"E": 1773610900585, "m": true, "p": "2139.2", "q": "0.0082", "s": "ETHUSDT"}, "stream": "ethusdt@trade"}, "timestamp": "2026-03-15T21:49:45.677460+00:00"}
{"payload": {"data": {"E": 1773610900748, "m": true, "p": "72086.88", "q": "0.01387", "s": "BTCUSDT"}, "stream": "btcusdt@trade"}, "timestamp": "2026-03-15T21:49:45.677499+00:00"}
{"payload": {"data": {"E": 1773610900749, "m": true, "p": "2139.1", "q": "0.0082", "s": "ETHUSDT"}, "stream": "ethusdt@trade"}, "timestamp": "2026-03-15T21:49:45.677536+00:00"}
{"payload": {"data": {"E": 1773610900749, "m": true, "p": "2138.92", "q": "0.0467", "s": "ETHUSDT"}, "stream": "ethusdt@trade"}, "timestamp": "2026-03-15T21:49:45.677574+00:00"}
{"payload": {"data": {"E": 1773610900753, "m": true, "p": "72082.15", "q": "0.013333", "s": "BTCUSDT"}, "stream": "btcusdt@trade"}, "timestamp": "2026-03-15T21:49:45.677613+00:00"}
{"payload": {"data": {"E": 1773610900753, "m": true, "p": "72082.15", "q": "0.013871", "s": "BTCUSDT"}, "stream": "btcusdt@trade"}, "timestamp": "2026-03-15T21:49:45.677647+00:00"}
{"payload": {"data": {"E": 1773610900754, "m": true, "p": "72082", "q": "0.000031", "s": "BTCUSDT"}, "stream": "btcusdt@trade"}, "timestamp": "2026-03-15T21:49:45.677689+00:00"}
{"payload": {"data": {"E": 1773610900759, "m": true, "p": "72080", "q": "0.000031", "s": "BTCUSDT"}, "stream": "btcusdt@trade"}, "timestamp": "2026-03-15T21:49:45.677729+00:00"}
{"payload": {"data": {"E": 1773610900759, "m": true, "p": "72081", "q": "0.000031", "s": "BTCUSDT"}, "stream": "btcusdt@trade"}, "timestamp": "2026-03-15T21:49:45.677762+00:00"}
{"payload": {"data": {"E": 1773610900760, "m": true, "p": "72079.98", "q": "0.001964", "s": "BTCUSDT"}, "stream": "btcusdt@trade"}, "timestamp": "2026-03-15T21:49:45.677799+00:00"}
{"payload": {"data": {"E": 1773610900765, "m": true, "p": "72079", "q": "0.000031", "s": "BTCUSDT"}, "stream": "btcusdt@trade"}, "timestamp": "2026-03-15T21:49:45.677836+00:00"}
{"payload": {"data": {"E": 1773610900765, "m": true, "p": "72078", "q": "0.000031", "s": "BTCUSDT"}, "stream": "btcusdt@trade"}, "timestamp": "2026-03-15T21:49:45.677874+00:00"}
{"payload": {"data": {"E": 1773610900776, "m": true, "p": "72077", "q": "0.000031", "s": "BTCUSDT"}, "stream": "btcusdt@trade"}, "timestamp": "2026-03-15T21:49:45.677911+00:00"}
{"payload": {"data": {"E": 1773610900776, "m": true, "p": "72076", "q": "0.000031", "s": "BTCUSDT"}, "stream": "btcusdt@trade"}, "timestamp": "2026-03-15T21:49:45.677948+00:00"}
{"payload": {"data": {"E": 1773610900772, "m": false, "p": "2138.72", "q": "0.0233", "s": "ETHUSDT"}, "stream": "ethusdt@trade"}, "timestamp": "2026-03-15T21:49:45.677985+00:00"}
{"payload": {"data": {"E": 1773610900775, "m": false, "p": "2138.72", "q": "0.0233", "s": "ETHUSDT"}, "stream": "ethusdt@trade"}, "timestamp": "2026-03-15T21:49:45.678023+00:00"}
{"payload": {"data": {"E": 1773610900781, "m": true, "p": "72075", "q": "0.000031", "s": "BTCUSDT"}, "stream": "btcusdt@trade"}, "timestamp": "2026-03-15T21:49:45.678061+00:00"}
{"payload": {"data": {"E": 1773610900797, "m": true, "p": "72074", "q": "0.000031", "s": "BTCUSDT"}, "stream": "btcusdt@trade"}, "timestamp": "2026-03-15T21:49:45.678098+00:00"}
{"payload": {"data": {"A": "0.173139", "B": "0.001964", "E": 1773610900805, "a": "72097.8", "b": "72097.79", "s": "BTCUSDT"}, "stream": "btcusdt@bookTicker"}, "timestamp": "2026-03-15T21:49:45.678136+00:00"}
{"payload": {"data": {"A": "0.4106", "B": "0.0497", "E": 1773610900807, "a": "2139.21", "b": "2139.2", "s": "ETHUSDT"}, "stream": "ethusdt@bookTicker"}, "timestamp": "2026-03-15T21:49:45.678178+00:00"}
{"payload": {"data": {"A": "8.5989", "B": "11.1383", "E": 1773610900807, "a": "89.79", "b": "89.78", "s": "SOLUSDT"}, "stream": "solusdt@bookTicker"}, "timestamp": "2026-03-15T21:49:45.678219+00:00"}
{"payload": {"data": {"E": 1773610900998, "m": true, "p": "72069", "q": "0.000031", "s": "BTCUSDT"}, "stream": "btcusdt@trade"}, "timestamp": "2026-03-15T21:49:45.678262+00:00"}
{"payload": {"data": {"E": 1773610900998, "m": true, "p": "72070", "q": "0.000031", "s": "BTCUSDT"}, "stream": "btcusdt@trade"}, "timestamp": "2026-03-15T21:49:45.678297+00:00"}
{"payload": {"data": {"E": 1773610900998, "m": true, "p": "72071", "q": "0.000031", "s": "BTCUSDT"}, "stream": "btcusdt@trade"}, "timestamp": "2026-03-15T21:49:45.678330+00:00"}
{"payload": {"data": {"E": 1773610900998, "m": true, "p": "72072", "q": "0.000031", "s": "BTCUSDT"}, "stream": "btcusdt@trade"}, "timestamp": "2026-03-15T21:49:45.678363+00:00"}
{"payload": {"data": {"E": 1773610900998, "m": true, "p": "72073", "q": "0.000031", "s": "BTCUSDT"}, "stream": "btcusdt@trade"}, "timestamp": "2026-03-15T21:49:45.678396+00:00"}
{"payload": {"data": {"A": "0.5193", "B": "0.0082", "E": 1773610901118, "a": "2139.21", "b": "2139.2", "s": "ETHUSDT"}, "stream": "ethusdt@bookTicker"}, "timestamp": "2026-03-15T21:49:45.678435+00:00"}
{"payload": {"data": {"A": "0.541224", "B": "0.000031", "E": 1773610901118, "a": "72073.01", "b": "72073", "s": "BTCUSDT"}, "stream": "btcusdt@bookTicker"}, "timestamp": "2026-03-15T21:49:45.678477+00:00"}
{"payload": {"data": {"A": "21.4016", "B": "0.0113", "E": 1773610901120, "a": "89.76", "b": "89.75", "s": "SOLUSDT"}, "stream": "solusdt@bookTicker"}, "timestamp": "2026-03-15T21:49:45.678517+00:00"}
{"payload": {"data": {"E": 1773610901353, "m": true, "p": "89.75", "q": "0.0113", "s": "SOLUSDT"}, "stream": "solusdt@trade"}, "timestamp": "2026-03-15T21:49:45.678556+00:00"}
{"payload": {"data": {"A": "0.4565", "B": "0.0768", "E": 1773610901414, "a": "2138.41", "b": "2138.4", "s": "ETHUSDT"}, "stream": "ethusdt@bookTicker"}, "timestamp": "2026-03-15T21:49:45.678596+00:00"}
{"payload": {"data": {"A": "0.113931", "B": "0.030477", "E": 1773610901414, "a": "72068.98", "b": "72068.97", "s": "BTCUSDT"}, "stream": "btcusdt@bookTicker"}, "timestamp": "2026-03-15T21:49:45.678640+00:00"}
{"payload": {"data": {"A": "21.4016", "B": "0.0113", "E": 1773610901415, "a": "89.76", "b": "89.75", "s": "SOLUSDT"}, "stream": "solusdt@bookTicker"}, "timestamp": "2026-03-15T21:49:45.678681+00:00"}
{"payload": {"data": {"k": {"T": 1773619199999, "c": "89.75", "h": "90.15", "i": "4h", "l": "87.99", "o": "88.19", "q": "2062341.822916", "t": 1773604800000, "v": "23113.3914", "x": false}, "s": "SOLUSDT"}, "stream": "solusdt@kline_4h"}, "timestamp": "2026-03-15T21:49:45.678722+00:00"}
{"payload": {"data": {"k": {"T": 1773611999999, "c": "89.75", "h": "90.15", "i": "1h", "l": "88.57", "o": "88.76", "q": "1528340.610743", "t": 1773608400000, "v": "17078.2957", "x": false}, "s": "SOLUSDT"}, "stream": "solusdt@kline_1h"}, "timestamp": "2026-03-15T21:49:45.678794+00:00"}
{"payload": {"data": {"k": {"T": 1773619199999, "c": "72069", "h": "72217.47", "i": "4h", "l": "71429.07", "o": "71553.27", "q": "5744969.43313335", "t": 1773604800000, "v": "80.026975", "x": false}, "s": "BTCUSDT"}, "stream": "btcusdt@kline_4h"}, "timestamp": "2026-03-15T21:49:45.678839+00:00"}
{"payload": {"data": {"k": {"T": 1773611999999, "c": "72069", "h": "72217.47", "i": "1h", "l": "71625.28", "o": "71727", "q": "2432123.70139652", "t": 1773608400000, "v": "33.808186", "x": false}, "s": "BTCUSDT"}, "stream": "btcusdt@kline_1h"}, "timestamp": "2026-03-15T21:49:45.680168+00:00"}
{"payload": {"data": {"A": "2.2914", "B": "0.036", "E": 1773610901708, "a": "2138.72", "b": "2138.71", "s": "ETHUSDT"}, "stream": "ethusdt@bookTicker"}, "timestamp": "2026-03-15T21:49:45.680238+00:00"}
{"payload": {"data": {"A": "0.118517", "B": "0.050727", "E": 1773610901710, "a": "72068.98", "b": "72068.97", "s": "BTCUSDT"}, "stream": "btcusdt@bookTicker"}, "timestamp": "2026-03-15T21:49:45.680288+00:00"}
{"payload": {"data": {"A": "2.0715", "B": "15.6831", "E": 1773610901710, "a": "89.73", "b": "89.72", "s": "SOLUSDT"}, "stream": "solusdt@bookTicker"}, "timestamp": "2026-03-15T21:49:45.680336+00:00"}
{"payload": {"data": {"E": 1773610901758, "m": true, "p": "89.74", "q": "3.0364", "s": "SOLUSDT"}, "stream": "solusdt@trade"}, "timestamp": "2026-03-15T21:49:45.680380+00:00"}
{"payload": {"data": {"A": "0.107201", "B": "0.050727", "E": 1773610902010, "a": "72068.98", "b": "72068.97", "s": "BTCUSDT"}, "stream": "btcusdt@bookTicker"}, "timestamp": "2026-03-15T21:49:45.680424+00:00"}
{"payload": {"data": {"A": "1842.1069", "B": "3.3109", "E": 1773610902012, "a": "89.75", "b": "89.74", "s": "SOLUSDT"}, "stream": "solusdt@bookTicker"}, "timestamp": "2026-03-15T21:49:45.680466+00:00"}
{"payload": {"data": {"A": "0.3948", "B": "1.5329", "E": 1773610902012, "a": "2138.52", "b": "2138.51", "s": "ETHUSDT"}, "stream": "ethusdt@bookTicker"}, "timestamp": "2026-03-15T21:49:45.680509+00:00"}
{"payload": {"data": {"k": {"T": 1773619199999, "c": "2138.72", "h": "2144.43", "i": "4h", "l": "2110", "o": "2113.39", "q": "6043087.666014", "t": 1773604800000, "v": "2839.681", "x": false}, "s": "ETHUSDT"}, "stream": "ethusdt@kline_4h"}, "timestamp": "2026-03-15T21:49:45.680550+00:00"}
{"payload": {"data": {"k": {"T": 1773611999999, "c": "2138.72", "h": "2144.43", "i": "1h", "l": "2123.34", "o": "2129.01", "q": "2594884.862192", "t": 1773608400000, "v": "1216.4193", "x": false}, "s": "ETHUSDT"}, "stream": "ethusdt@kline_1h"}, "timestamp": "2026-03-15T21:49:45.680604+00:00"}
{"payload": {"data": {"A": "0.6398", "B": "1.5329", "E": 1773610902369, "a": "2138.52", "b": "2138.51", "s": "ETHUSDT"}, "stream": "ethusdt@bookTicker"}, "timestamp": "2026-03-15T21:49:45.680650+00:00"}
{"payload": {"data": {"A": "0.107201", "B": "0.050727", "E": 1773610902372, "a": "72068.98", "b": "72068.97", "s": "BTCUSDT"}, "stream": "btcusdt@bookTicker"}, "timestamp": "2026-03-15T21:49:45.680692+00:00"}
{"payload": {"data": {"A": "1843.1434", "B": "0.2745", "E": 1773610902370, "a": "89.75", "b": "89.74", "s": "SOLUSDT"}, "stream": "solusdt@bookTicker"}, "timestamp": "2026-03-15T21:49:45.680733+00:00"}
{"payload": {"data": {"A": "0.105639", "B": "0.047991", "E": 1773610902639, "a": "72068.98", "b": "72068.97", "s": "BTCUSDT"}, "stream": "btcusdt@bookTicker"}, "timestamp": "2026-03-15T21:49:45.680773+00:00"}
{"payload": {"data": {"A": "0.3622", "B": "1.5329", "E": 1773610902639, "a": "2138.52", "b": "2138.51", "s": "ETHUSDT"}, "stream": "ethusdt@bookTicker"}, "timestamp": "2026-03-15T21:49:45.680813+00:00"}
{"payload": {"data": {"A": "1843.1434", "B": "1.311", "E": 1773610902639, "a": "89.75", "b": "89.74", "s": "SOLUSDT"}, "stream": "solusdt@bookTicker"}, "timestamp": "2026-03-15T21:49:45.680853+00:00"}
{"payload": {"data": {"A": "1843.1434", "B": "1.311", "E": 1773610902946, "a": "89.75", "b": "89.74", "s": "SOLUSDT"}, "stream": "solusdt@bookTicker"}, "timestamp": "2026-03-15T21:49:45.680892+00:00"}
{"payload": {"data": {"A": "0.5307", "B": "1.5329", "E": 1773610902943, "a": "2138.52", "b": "2138.51", "s": "ETHUSDT"}, "stream": "ethusdt@bookTicker"}, "timestamp": "2026-03-15T21:49:45.680932+00:00"}
{"payload": {"data": {"A": "0.105639", "B": "0.047991", "E": 1773610902945, "a": "72068.98", "b": "72068.97", "s": "BTCUSDT"}, "stream": "btcusdt@bookTicker"}, "timestamp": "2026-03-15T21:49:45.680972+00:00"}
{"payload": {"data": {"k": {"T": 1773619199999, "c": "89.74", "h": "90.15", "i": "4h", "l": "87.99", "o": "88.19", "q": "2062614.309452", "t": 1773604800000, "v": "23116.4278", "x": false}, "s": "SOLUSDT"}, "stream": "solusdt@kline_4h"}, "timestamp": "2026-03-15T21:49:45.681012+00:00"}
{"payload": {"data": {"k": {"T": 1773611999999, "c": "89.74", "h": "90.15", "i": "1h", "l": "88.57", "o": "88.76", "q": "1528613.097279", "t": 1773608400000, "v": "17081.3321", "x": false}, "s": "SOLUSDT"}, "stream": "solusdt@kline_1h"}, "timestamp": "2026-03-15T21:49:45.681070+00:00"}
{"payload": {"data": {"E": 1773610903205, "m": true, "p": "2138.4", "q": "0.0271", "s": "ETHUSDT"}, "stream": "ethusdt@trade"}, "timestamp": "2026-03-15T21:49:45.681115+00:00"}
{"payload": {"data": {"E": 1773610903205, "m": true, "p": "2138.4", "q": "0.0082", "s": "ETHUSDT"}, "stream": "ethusdt@trade"}, "timestamp": "2026-03-15T21:49:45.681152+00:00"}
{"payload": {"data": {"A": "0.105639", "B": "0.047991", "E": 1773610903259, "a": "72068.98", "b": "72068.97", "s": "BTCUSDT"}, "stream": "btcusdt@bookTicker"}, "timestamp": "2026-03-15T21:49:45.681193+00:00"}
{"payload": {"data": {"A": "0.3797", "B": "0.078", "E": 1773610903258, "a": "2138.32", "b": "2138.31", "s": "ETHUSDT"}, "stream": "ethusdt@bookTicker"}, "timestamp": "2026-03-15T21:49:45.681237+00:00"}
{"payload": {"data": {"A": "1.0365", "B": "14.1561", "E": 1773610903261, "a": "89.74", "b": "89.73", "s": "SOLUSDT"}, "stream": "solusdt@bookTicker"}, "timestamp": "2026-03-15T21:49:45.681278+00:00"}
{"payload": {"data": {"k": {"T": 1773619199999, "c": "2138.4", "h": "2144.43", "i": "4h", "l": "2110", "o": "2113.39", "q": "6043163.151534", "t": 1773604800000, "v": "2839.7163", "x": false}, "s": "ETHUSDT"}, "stream": "ethusdt@kline_4h"}, "timestamp": "2026-03-15T21:49:45.681318+00:00"}
{"payload": {"data": {"k": {"T": 1773611999999, "c": "2138.4", "h": "2144.43", "i": "1h", "l": "2123.34", "o": "2129.01", "q": "2594960.347712", "t": 1773608400000, "v": "1216.4546", "x": false}, "s": "ETHUSDT"}, "stream": "ethusdt@kline_1h"}, "timestamp": "2026-03-15T21:49:45.681371+00:00"}
{"payload": {"data": {"A": "0.5307", "B": "1.5329", "E": 1773610903550, "a": "2138.52", "b": "2138.51", "s": "ETHUSDT"}, "stream": "ethusdt@bookTicker"}, "timestamp": "2026-03-15T21:49:45.681414+00:00"}
{"payload": {"data": {"A": "0.105639", "B": "0.047991", "E": 1773610903550, "a": "72068.98", "b": "72068.97", "s": "BTCUSDT"}, "stream": "btcusdt@bookTicker"}, "timestamp": "2026-03-15T21:49:45.681455+00:00"}
{"payload": {"data": {"A": "1.0365", "B": "17.6755", "E": 1773610903554, "a": "89.74", "b": "89.73", "s": "SOLUSDT"}, "stream": "solusdt@bookTicker"}, "timestamp": "2026-03-15T21:49:45.681494+00:00"}
{"payload": {"data": {"E": 1773610903772, "m": true, "p": "72068.97", "q": "0.000728", "s": "BTCUSDT"}, "stream": "btcusdt@trade"}, "timestamp": "2026-03-15T21:49:45.681533+00:00"}
{"payload": {"data": {"E": 1773610903772, "m": true, "p": "72068.97", "q": "0.020552", "s": "BTCUSDT"}, "stream": "btcusdt@trade"}, "timestamp": "2026-03-15T21:49:45.681575+00:00"}
{"payload": {"data": {"E": 1773610903772, "m": true, "p": "72068.97", "q": "0.004097", "s": "BTCUSDT"}, "stream": "btcusdt@trade"}, "timestamp": "2026-03-15T21:49:45.681609+00:00"}
{"payload": {"data": {"E": 1773610903772, "m": true, "p": "72068.97", "q": "0.00211", "s": "BTCUSDT"}, "stream": "btcusdt@trade"}, "timestamp": "2026-03-15T21:49:45.681643+00:00"}
{"payload": {"data": {"E": 1773610903773, "m": true, "p": "72068.97", "q": "0.000254", "s": "BTCUSDT"}, "stream": "btcusdt@trade"}, "timestamp": "2026-03-15T21:49:45.681680+00:00"}
{"payload": {"data": {"E": 1773610903773, "m": true, "p": "72068.35", "q": "0.004694", "s": "BTCUSDT"}, "stream": "btcusdt@trade"}, "timestamp": "2026-03-15T21:49:45.681719+00:00"}
{"payload": {"data": {"E": 1773610903778, "m": true, "p": "72068.35", "q": "0.006936", "s": "BTCUSDT"}, "stream": "btcusdt@trade"}, "timestamp": "2026-03-15T21:49:45.681757+00:00"}
{"payload": {"data": {"E": 1773610903778, "m": true, "p": "72068.35", "q": "0.009179", "s": "BTCUSDT"}, "stream": "btcusdt@trade"}, "timestamp": "2026-03-15T21:49:45.681791+00:00"}
{"payload": {"data": {"E": 1773610903778, "m": true, "p": "72066", "q": "0.000031", "s": "BTCUSDT"}, "stream": "btcusdt@trade"}, "timestamp": "2026-03-15T21:49:45.681833+00:00"}
{"payload": {"data": {"E": 1773610903778, "m": true, "p": "72066.59", "q": "0.000982", "s": "BTCUSDT"}, "stream": "btcusdt@trade"}, "timestamp": "2026-03-15T21:49:45.681866+00:00"}
{"payload": {"data": {"E": 1773610903778, "m": true, "p": "72066.78", "q": "0.002501", "s": "BTCUSDT"}, "stream": "btcusdt@trade"}, "timestamp": "2026-03-15T21:49:45.681899+00:00"}
{"payload": {"data": {"E": 1773610903778, "m": true, "p": "72067", "q": "0.000031", "s": "BTCUSDT"}, "stream": "btcusdt@trade"}, "timestamp": "2026-03-15T21:49:45.681932+00:00"}
{"payload": {"data": {"E": 1773610903778, "m": true, "p": "72068", "q": "0.000031", "s": "BTCUSDT"}, "stream": "btcusdt@trade"}, "timestamp": "2026-03-15T21:49:45.681965+00:00"}
{"payload": {"data": {"E": 1773610903784, "m": true, "p": "72065", "q": "0.000031", "s": "BTCUSDT"}, "stream": "btcusdt@trade"}, "timestamp": "2026-03-15T21:49:45.682003+00:00"}
{"payload": {"data": {"E": 1773610903784, "m": true, "p": "72064", "q": "0.000031", "s": "BTCUSDT"}, "stream": "btcusdt@trade"}, "timestamp": "2026-03-15T21:49:45.682043+00:00"}
{"payload": {"data": {"E": 1773610903794, "m": true, "p": "72063", "q": "0.000267", "s": "BTCUSDT"}, "stream": "btcusdt@trade"}, "timestamp": "2026-03-15T21:49:45.682082+00:00"}
{"payload": {"data": {"E": 1773610903794, "m": true, "p": "72063", "q": "0.000031", "s": "BTCUSDT"}, "stream": "btcusdt@trade"}, "timestamp": "2026-03-15T21:49:45.682116+00:00"}
{"payload": {"data": {"k": {"T": 1773619199999, "c": "72068.97", "h": "72217.47", "i": "4h", "l": "71429.07", "o": "71553.27", "q": "5746950.39291174", "t": 1773604800000, "v": "80.054462", "x": false}, "s": "BTCUSDT"}, "stream": "btcusdt@kline_4h"}, "timestamp": "2026-03-15T21:49:45.682155+00:00"}
{"payload": {"data": {"E": 1773610903842, "m": true, "p": "72063", "q": "0.006669", "s": "BTCUSDT"}, "stream": "btcusdt@trade"}, "timestamp": "2026-03-15T21:49:45.682203+00:00"}
{"payload": {"data": {"E": 1773610903847, "m": true, "p": "72062", "q": "0.000031", "s": "BTCUSDT"}, "stream": "btcusdt@trade"}, "timestamp": "2026-03-15T21:49:45.682241+00:00"}
{"payload": {"data": {"k": {"T": 1773611999999, "c": "72068.97", "h": "72217.47", "i": "1h", "l": "71625.28", "o": "71727", "q": "2434104.66117491", "t": 1773608400000, "v": "33.835673", "x": false}, "s": "BTCUSDT"}, "stream": "btcusdt@kline_1h"}, "timestamp": "2026-03-15T21:49:45.682284+00:00"}
{"payload": {"data": {"A": "0.5307", "B": "1.5329", "E": 1773610903856, "a": "2138.52", "b": "2138.51", "s": "ETHUSDT"}, "stream": "ethusdt@bookTicker"}, "timestamp": "2026-03-15T21:49:45.682328+00:00"}
{"payload": {"data": {"A": "0.105639", "B": "0.047991", "E": 1773610903859, "a": "72068.98", "b": "72068.97", "s": "BTCUSDT"}, "stream": "btcusdt@bookTicker"}, "timestamp": "2026-03-15T21:49:45.682372+00:00"}
{"payload": {"data": {"A": "9.635", "B": "15.8899", "E": 1773610903858, "a": "89.73", "b": "89.72", "s": "SOLUSDT"}, "stream": "solusdt@bookTicker"}, "timestamp": "2026-03-15T21:49:45.682415+00:00"}
{"payload": {"data": {"E": 1773610903940, "m": true, "p": "72061.55", "q": "0.003", "s": "BTCUSDT"}, "stream": "btcusdt@trade"}, "timestamp": "2026-03-15T21:49:45.682457+00:00"}
{"payload": {"data": {"A": "0.105639", "B": "0.047991", "E": 1773610904153, "a": "72068.98", "b": "72068.97", "s": "BTCUSDT"}, "stream": "btcusdt@bookTicker"}, "timestamp": "2026-03-15T21:49:45.682496+00:00"}
{"payload": {"data": {"A": "3.108", "B": "3.1782", "E": 1773610904153, "a": "89.73", "b": "89.72", "s": "SOLUSDT"}, "stream": "solusdt@bookTicker"}, "timestamp": "2026-03-15T21:49:45.682541+00:00"}
{"payload": {"data": {"A": "0.4394", "B": "0.0082", "E": 1773610904154, "a": "2138.31", "b": "2138.3", "s": "ETHUSDT"}, "stream": "ethusdt@bookTicker"}, "timestamp": "2026-03-15T21:49:45.682583+00:00"}
{"payload": {"data": {"A": "0.06831", "B": "0.0085", "E": 1773610904463, "a": "72061.56", "b": "72061.55", "s": "BTCUSDT"}, "stream": "btcusdt@bookTicker"}, "timestamp": "2026-03-15T21:49:45.682622+00:00"}
{"payload": {"data": {"A": "0.4394", "B": "0.0082", "E": 1773610904464, "a": "2138.31", "b": "2138.3", "s": "ETHUSDT"}, "stream": "ethusdt@bookTicker"}, "timestamp": "2026-03-15T21:49:45.682662+00:00"}
{"payload": {"data": {"A": "3.108", "B": "3.1782", "E": 1773610904465, "a": "89.73", "b": "89.72", "s": "SOLUSDT"}, "stream": "solusdt@bookTicker"}, "timestamp": "2026-03-15T21:49:45.682704+00:00"}
{"payload": {"data": {"A": "0.06831", "B": "0.0085", "E": 1773610904759, "a": "72061.56", "b": "72061.55", "s": "BTCUSDT"}, "stream": "btcusdt@bookTicker"}, "timestamp": "2026-03-15T21:49:45.682743+00:00"}
{"payload": {"data": {"A": "166.5834", "B": "3.1782", "E": 1773610904761, "a": "89.74", "b": "89.72", "s": "SOLUSDT"}, "stream": "solusdt@bookTicker"}, "timestamp": "2026-03-15T21:49:45.682782+00:00"}
{"payload": {"data": {"A": "0.7616", "B": "0.0807", "E": 1773610904805, "a": "2138.31", "b": "2138.3", "s": "ETHUSDT"}, "stream": "ethusdt@bookTicker"}, "timestamp": "2026-03-15T21:49:45.682821+00:00"}
{"payload": {"data": {"A": "0.4394", "B": "0.0082", "E": 1773610905047, "a": "2138.31", "b": "2138.3", "s": "ETHUSDT"}, "stream": "ethusdt@bookTicker"}, "timestamp": "2026-03-15T21:49:45.682860+00:00"}
{"payload": {"data": {"A": "166.5834", "B": "3.1782", "E": 1773610905048, "a": "89.74", "b": "89.72", "s": "SOLUSDT"}, "stream": "solusdt@bookTicker"}, "timestamp": "2026-03-15T21:49:45.682899+00:00"}
{"payload": {"data": {"A": "0.06831", "B": "0.0085", "E": 1773610905049, "a": "72061.56", "b": "72061.55", "s": "BTCUSDT"}, "stream": "btcusdt@bookTicker"}, "timestamp": "2026-03-15T21:49:45.682938+00:00"}
{"payload": {"data": {"A": "0.4394", "B": "0.0497", "E": 1773610905359, "a": "2138.31", "b": "2138.3", "s": "ETHUSDT"}, "stream": "ethusdt@bookTicker"}, "timestamp": "2026-03-15T21:49:45.682977+00:00"}
{"payload": {"data": {"A": "0.06831", "B": "0.0085", "E": 1773610905359, "a": "72061.56", "b": "72061.55", "s": "BTCUSDT"}, "stream": "btcusdt@bookTicker"}, "timestamp": "2026-03-15T21:49:45.683016+00:00"}
{"payload": {"data": {"A": "166.5834", "B": "4.2147", "E": 1773610905360, "a": "89.74", "b": "89.72", "s": "SOLUSDT"}, "stream": "solusdt@bookTicker"}, "timestamp": "2026-03-15T21:49:45.683061+00:00"}
{"payload": {"data": {"k": {"T": 1773619199999, "c": "72061.55", "h": "72217.47", "i": "4h", "l": "71429.07", "o": "71553.27", "q": "5749451.02885643", "t": 1773604800000, "v": "80.089161", "x": false}, "s": "BTCUSDT"}, "stream": "btcusdt@kline_4h"}, "timestamp": "2026-03-15T21:49:45.683107+00:00"}
{"payload": {"data": {"k": {"T": 1773611999999, "c": "72061.55", "h": "72217.47", "i": "1h", "l": "71625.28", "o": "71727", "q": "2436605.2971196", "t": 1773608400000, "v": "33.870372", "x": false}, "s": "BTCUSDT"}, "stream": "btcusdt@kline_1h"}, "timestamp": "2026-03-15T21:49:45.683159+00:00"}
{"payload": {"data": {"A": "0.06831", "B": "0.001564", "E": 1773610905655, "a": "72061.56", "b": "72061.55", "s": "BTCUSDT"}, "stream": "btcusdt@bookTicker"}, "timestamp": "2026-03-15T21:49:45.683204+00:00"}
{"payload": {"data": {"A": "1.0365", "B": "3.1782", "E": 1773610905656, "a": "89.73", "b": "89.72", "s": "SOLUSDT"}, "stream": "solusdt@bookTicker"}, "timestamp": "2026-03-15T21:49:45.683244+00:00"}
{"payload": {"data": {"A": "0.4394", "B": "0.0082", "E": 1773610905657, "a": "2138.31", "b": "2138.3", "s": "ETHUSDT"}, "stream": "ethusdt@bookTicker"}, "timestamp": "2026-03-15T21:49:45.683285+00:00"}
{"payload": {"data": {"A": "0.06831", "B": "0.001564", "E": 1773610905950, "a": "72061.56", "b": "72061.55", "s": "BTCUSDT"}, "stream": "btcusdt@bookTicker"}, "timestamp": "2026-03-15T21:49:45.683324+00:00"}
{"payload": {"data": {"A": "0.4394", "B": "0.0082", "E": 1773610905950, "a": "2138.31", "b": "2138.3", "s": "ETHUSDT"}, "stream": "ethusdt@bookTicker"}, "timestamp": "2026-03-15T21:49:45.683368+00:00"}
{"payload": {"data": {"A": "1.0365", "B": "3.1782", "E": 1773610905952, "a": "89.73", "b": "89.72", "s": "SOLUSDT"}, "stream": "solusdt@bookTicker"}, "timestamp": "2026-03-15T21:49:45.683407+00:00"}
{"payload": {"data": {"A": "0.06831", "B": "0.001564", "E": 1773610906277, "a": "72061.56", "b": "72061.55", "s": "BTCUSDT"}, "stream": "btcusdt@bookTicker"}, "timestamp": "2026-03-15T21:49:45.683446+00:00"}
{"payload": {"data": {"A": "0.4394", "B": "0.0497", "E": 1773610906279, "a": "2138.31", "b": "2138.3", "s": "ETHUSDT"}, "stream": "ethusdt@bookTicker"}, "timestamp": "2026-03-15T21:49:45.683486+00:00"}
{"payload": {"data": {"A": "1.0365", "B": "3.1782", "E": 1773610906282, "a": "89.73", "b": "89.72", "s": "SOLUSDT"}, "stream": "solusdt@bookTicker"}, "timestamp": "2026-03-15T21:49:45.683525+00:00"}
{"payload": {"data": {"A": "0.06831", "B": "0.001564", "E": 1773610906559, "a": "72061.56", "b": "72061.55", "s": "BTCUSDT"}, "stream": "btcusdt@bookTicker"}, "timestamp": "2026-03-15T21:49:45.683564+00:00"}
{"payload": {"data": {"A": "166.5834", "B": "4.2147", "E": 1773610906561, "a": "89.74", "b": "89.72", "s": "SOLUSDT"}, "stream": "solusdt@bookTicker"}, "timestamp": "2026-03-15T21:49:45.683603+00:00"}
{"payload": {"data": {"A": "0.4394", "B": "0.0082", "E": 1773610906561, "a": "2138.31", "b": "2138.3", "s": "ETHUSDT"}, "stream": "ethusdt@bookTicker"}, "timestamp": "2026-03-15T21:49:45.683642+00:00"}
{"payload": {"data": {"A": "0.099127", "B": "0.001564", "E": 1773610906853, "a": "72061.56", "b": "72061.55", "s": "BTCUSDT"}, "stream": "btcusdt@bookTicker"}, "timestamp": "2026-03-15T21:49:45.683699+00:00"}
{"payload": {"data": {"A": "0.4394", "B": "0.0082", "E": 1773610906853, "a": "2138.31", "b": "2138.3", "s": "ETHUSDT"}, "stream": "ethusdt@bookTicker"}, "timestamp": "2026-03-15T21:49:45.683738+00:00"}
{"payload": {"data": {"A": "166.5834", "B": "4.2147", "E": 1773610906855, "a": "89.74", "b": "89.72", "s": "SOLUSDT"}, "stream": "solusdt@bookTicker"}, "timestamp": "2026-03-15T21:49:45.683778+00:00"}
{"payload": {"data": {"A": "0.099127", "B": "0.001564", "E": 1773610907168, "a": "72061.56", "b": "72061.55", "s": "BTCUSDT"}, "stream": "btcusdt@bookTicker"}, "timestamp": "2026-03-15T21:49:45.683817+00:00"}
{"payload": {"data": {"A": "12.1834", "B": "13.2051", "E": 1773610907169, "a": "89.76", "b": "89.75", "s": "SOLUSDT"}, "stream": "solusdt@bookTicker"}, "timestamp": "2026-03-15T21:49:45.683856+00:00"}
{"payload": {"data": {"A": "0.4394", "B": "0.0082", "E": 1773610907169, "a": "2138.31", "b": "2138.3", "s": "ETHUSDT"}, "stream": "ethusdt@bookTicker"}, "timestamp": "2026-03-15T21:49:45.683895+00:00"}
{"payload": {"data": {"A": "12.1834", "B": "1.116", "E": 1773610907468, "a": "89.76", "b": "89.74", "s": "SOLUSDT"}, "stream": "solusdt@bookTicker"}, "timestamp": "2026-03-15T21:49:45.683934+00:00"}
{"payload": {"data": {"A": "0.099127", "B": "0.001564", "E": 1773610907468, "a": "72061.56", "b": "72061.55", "s": "BTCUSDT"}, "stream": "btcusdt@bookTicker"}, "timestamp": "2026-03-15T21:49:45.683973+00:00"}
{"payload": {"data": {"A": "0.4068", "B": "0.0497", "E": 1773610907470, "a": "2138.31", "b": "2138.3", "s": "ETHUSDT"}, "stream": "ethusdt@bookTicker"}, "timestamp": "2026-03-15T21:49:45.684013+00:00"}
{"payload": {"data": {"A": "0.099127", "B": "0.001564", "E": 1773610907777, "a": "72061.56", "b": "72061.55", "s": "BTCUSDT"}, "stream": "btcusdt@bookTicker"}, "timestamp": "2026-03-15T21:49:45.684052+00:00"}
{"payload": {"data": {"A": "12.1834", "B": "1.116", "E": 1773610907778, "a": "89.76", "b": "89.74", "s": "SOLUSDT"}, "stream": "solusdt@bookTicker"}, "timestamp": "2026-03-15T21:49:45.684097+00:00"}
{"payload": {"data": {"A": "0.4068", "B": "0.0497", "E": 1773610907778, "a": "2138.31", "b": "2138.3", "s": "ETHUSDT"}, "stream": "ethusdt@bookTicker"}, "timestamp": "2026-03-15T21:49:45.684137+00:00"}
{"payload": {"data": {"A": "0.099127", "B": "0.001564", "E": 1773610908089, "a": "72061.56", "b": "72061.55", "s": "BTCUSDT"}, "stream": "btcusdt@bookTicker"}, "timestamp": "2026-03-15T21:49:45.684176+00:00"}
{"payload": {"data": {"A": "0.4068", "B": "0.0807", "E": 1773610908090, "a": "2138.31", "b": "2138.3", "s": "ETHUSDT"}, "stream": "ethusdt@bookTicker"}, "timestamp": "2026-03-15T21:49:45.684215+00:00"}
{"payload": {"data": {"A": "16.3546", "B": "13.2051", "E": 1773610908092, "a": "89.76", "b": "89.74", "s": "SOLUSDT"}, "stream": "solusdt@bookTicker"}, "timestamp": "2026-03-15T21:49:45.684255+00:00"}
{"payload": {"data": {"A": "0.099127", "B": "0.001564", "E": 1773610908375, "a": "72061.56", "b": "72061.55", "s": "BTCUSDT"}, "stream": "btcusdt@bookTicker"}, "timestamp": "2026-03-15T21:49:45.684294+00:00"}
{"payload": {"data": {"A": "0.4068", "B": "0.0497", "E": 1773610908375, "a": "2138.31", "b": "2138.3", "s": "ETHUSDT"}, "stream": "ethusdt@bookTicker"}, "timestamp": "2026-03-15T21:49:45.684333+00:00"}
{"payload": {"data": {"A": "12.1834", "B": "1.116", "E": 1773610908376, "a": "89.76", "b": "89.74", "s": "SOLUSDT"}, "stream": "solusdt@bookTicker"}, "timestamp": "2026-03-15T21:49:45.684372+00:00"}
{"payload": {"data": {"A": "0.4068", "B": "0.0807", "E": 1773610908681, "a": "2138.31", "b": "2138.3", "s": "ETHUSDT"}, "stream": "ethusdt@bookTicker"}, "timestamp": "2026-03-15T21:49:45.684411+00:00"}
{"payload": {"data": {"A": "1.0365", "B": "37.3142", "E": 1773610908682, "a": "89.75", "b": "89.73", "s": "SOLUSDT"}, "stream": "solusdt@bookTicker"}, "timestamp": "2026-03-15T21:49:45.684454+00:00"}
{"payload": {"data": {"A": "0.099127", "B": "0.001564", "E": 1773610908683, "a": "72061.56", "b": "72061.55", "s": "BTCUSDT"}, "stream": "btcusdt@bookTicker"}, "timestamp": "2026-03-15T21:49:45.684493+00:00"}
{"payload": {"data": {"A": "0.099127", "B": "0.001564", "E": 1773610908987, "a": "72061.56", "b": "72061.55", "s": "BTCUSDT"}, "stream": "btcusdt@bookTicker"}, "timestamp": "2026-03-15T21:49:45.684532+00:00"}
{"payload": {"data": {"A": "0.4068", "B": "0.0807", "E": 1773610908988, "a": "2138.31", "b": "2138.3", "s": "ETHUSDT"}, "stream": "ethusdt@bookTicker"}, "timestamp": "2026-03-15T21:49:45.684571+00:00"}
{"payload": {"data": {"A": "1.0365", "B": "3.104", "E": 1773610908989, "a": "89.75", "b": "89.74", "s": "SOLUSDT"}, "stream": "solusdt@bookTicker"}, "timestamp": "2026-03-15T21:49:45.684610+00:00"}
{"payload": {"data": {"A": "0.4068", "B": "0.0497", "E": 1773610909302, "a": "2138.31", "b": "2138.3", "s": "ETHUSDT"}, "stream": "ethusdt@bookTicker"}, "timestamp": "2026-03-15T21:49:45.684649+00:00"}
{"payload": {"data": {"A": "0.099127", "B": "0.002951", "E": 1773610909304, "a": "72061.56", "b": "72061.55", "s": "BTCUSDT"}, "stream": "btcusdt@bookTicker"}, "timestamp": "2026-03-15T21:49:45.684687+00:00"}
{"payload": {"data": {"A": "1.0365", "B": "3.104", "E": 1773610909303, "a": "89.75", "b": "89.74", "s": "SOLUSDT"}, "stream": "solusdt@bookTicker"}, "timestamp": "2026-03-15T21:49:45.684727+00:00"}
{"payload": {"data": {"E": 1773610909538, "m": true, "p": "2138.3", "q": "0.0082", "s": "ETHUSDT"}, "stream": "ethusdt@trade"}, "timestamp": "2026-03-15T21:49:45.684766+00:00"}
{"payload": {"data": {"A": "0.4068", "B": "0.0497", "E": 1773610909587, "a": "2138.31", "b": "2138.3", "s": "ETHUSDT"}, "stream": "ethusdt@bookTicker"}, "timestamp": "2026-03-15T21:49:45.684807+00:00"}
{"payload": {"data": {"A": "0.099127", "B": "0.002951", "E": 1773610909587, "a": "72061.56", "b": "72061.55", "s": "BTCUSDT"}, "stream": "btcusdt@bookTicker"}, "timestamp": "2026-03-15T21:49:45.684848+00:00"}
{"payload": {"data": {"A": "1.0365", "B": "3.104", "E": 1773610909589, "a": "89.75", "b": "89.74", "s": "SOLUSDT"}, "stream": "solusdt@bookTicker"}, "timestamp": "2026-03-15T21:49:45.684887+00:00"}
{"payload": {"data": {"k": {"T": 1773619199999, "c": "2138.3", "h": "2144.43", "i": "4h", "l": "2110", "o": "2113.39", "q": "6043180.685594", "t": 1773604800000, "v": "2839.7245", "x": false}, "s": "ETHUSDT"}, "stream": "ethusdt@kline_4h"}, "timestamp": "2026-03-15T21:49:45.684936+00:00"}
{"payload": {"data": {"k": {"T": 1773611999999, "c": "2138.3", "h": "2144.43", "i": "1h", "l": "2123.34", "o": "2129.01", "q": "2594977.881772", "t": 1773608400000, "v": "1216.4628", "x": false}, "s": "ETHUSDT"}, "stream": "ethusdt@kline_1h"}, "timestamp": "2026-03-15T21:49:45.685097+00:00"}
{"payload": {"data": {"A": "0.099127", "B": "0.002951", "E": 1773610909898, "a": "72061.56", "b": "72061.55", "s": "BTCUSDT"}, "stream": "btcusdt@bookTicker"}, "timestamp": "2026-03-15T21:49:45.685162+00:00"}
{"payload": {"data": {"A": "2.4545", "B": "0.3839", "E": 1773610909898, "a": "2138.27", "b": "2138.26", "s": "ETHUSDT"}, "stream": "ethusdt@bookTicker"}, "timestamp": "2026-03-15T21:49:45.685205+00:00"}
{"payload": {"data": {"A": "245.6079", "B": "39.946", "E": 1773610909900, "a": "89.76", "b": "89.73", "s": "SOLUSDT"}, "stream": "solusdt@bookTicker"}, "timestamp": "2026-03-15T21:49:45.685250+00:00"}
{"payload": {"data": {"A": "0.099127", "B": "0.002951", "E": 1773610910195, "a": "72061.56", "b": "72061.55", "s": "BTCUSDT"}, "stream": "btcusdt@bookTicker"}, "timestamp": "2026-03-15T21:49:45.685327+00:00"}
{"payload": {"data": {"A": "2.4545", "B": "0.3839", "E": 1773610910196, "a": "2138.27", "b": "2138.26", "s": "ETHUSDT"}, "stream": "ethusdt@bookTicker"}, "timestamp": "2026-03-15T21:49:45.685387+00:00"}
{"payload": {"data": {"A": "1.0365", "B": "38.9095", "E": 1773610910197, "a": "89.74", "b": "89.73", "s": "SOLUSDT"}, "stream": "solusdt@bookTicker"}, "timestamp": "2026-03-15T21:49:45.685440+00:00"}
{"payload": {"data": {"A": "0.099127", "B": "0.002951", "E": 1773610910504, "a": "72061.56", "b": "72061.55", "s": "BTCUSDT"}, "stream": "btcusdt@bookTicker"}, "timestamp": "2026-03-15T21:49:45.685487+00:00"}
{"payload": {"data": {"A": "2.4545", "B": "0.3839", "E": 1773610910506, "a": "2138.27", "b": "2138.26", "s": "ETHUSDT"}, "stream": "ethusdt@bookTicker"}, "timestamp": "2026-03-15T21:49:45.685531+00:00"}
{"payload": {"data": {"A": "2.0715", "B": "38.9095", "E": 1773610910508, "a": "89.75", "b": "89.73", "s": "SOLUSDT"}, "stream": "solusdt@bookTicker"}, "timestamp": "2026-03-15T21:49:45.685574+00:00"}
{"payload": {"data": {"E": 1773610910532, "m": true, "p": "2138.2", "q": "0.0082", "s": "ETHUSDT"}, "stream": "ethusdt@trade"}, "timestamp": "2026-03-15T21:49:45.685618+00:00"}
{"payload": {"data": {"E": 1773610910534, "m": true, "p": "2138.19", "q": "0.3839", "s": "ETHUSDT"}, "stream": "ethusdt@trade"}, "timestamp": "2026-03-15T21:49:45.685663+00:00"}
{"payload": {"data": {"k": {"T": 1773619199999, "c": "2138.19", "h": "2144.43", "i": "4h", "l": "2110", "o": "2113.39", "q": "6044019.069975", "t": 1773604800000, "v": "2840.1166", "x": false}, "s": "ETHUSDT"}, "stream": "ethusdt@kline_4h"}, "timestamp": "2026-03-15T21:49:45.685704+00:00"}
{"payload": {"data": {"k": {"T": 1773611999999, "c": "2138.19", "h": "2144.43", "i": "1h", "l": "2123.34", "o": "2129.01", "q": "2595816.266153", "t": 1773608400000, "v": "1216.8549", "x": false}, "s": "ETHUSDT"}, "stream": "ethusdt@kline_1h"}, "timestamp": "2026-03-15T21:49:45.685761+00:00"}
{"payload": {"data": {"A": "2.2548", "B": "0.0082", "E": 1773610910813, "a": "2138.11", "b": "2138.1", "s": "ETHUSDT"}, "stream": "ethusdt@bookTicker"}, "timestamp": "2026-03-15T21:49:45.685806+00:00"}
{"payload": {"data": {"A": "0.099127", "B": "0.002951", "E": 1773610910813, "a": "72061.56", "b": "72061.55", "s": "BTCUSDT"}, "stream": "btcusdt@bookTicker"}, "timestamp": "2026-03-15T21:49:45.685850+00:00"}
{"payload": {"data": {"A": "2.0715", "B": "1.0365", "E": 1773610910815, "a": "89.75", "b": "89.74", "s": "SOLUSDT"}, "stream": "solusdt@bookTicker"}, "timestamp": "2026-03-15T21:49:45.685891+00:00"}
{"payload": {"data": {"A": "0.099127", "B": "0.002951", "E": 1773610911095, "a": "72061.56", "b": "72061.55", "s": "BTCUSDT"}, "stream": "btcusdt@bookTicker"}, "timestamp": "2026-03-15T21:49:45.685931+00:00"}
{"payload": {"data": {"A": "2.4545", "B": "0.3839", "E": 1773610911095, "a": "2138.27", "b": "2138.26", "s": "ETHUSDT"}, "stream": "ethusdt@bookTicker"}, "timestamp": "2026-03-15T21:49:45.685971+00:00"}
{"payload": {"data": {"A": "1.0365", "B": "38.9095", "E": 1773610911095, "a": "89.74", "b": "89.73", "s": "SOLUSDT"}, "stream": "solusdt@bookTicker"}, "timestamp": "2026-03-15T21:49:45.686015+00:00"}
{"payload": {"data": {"A": "0.099127", "B": "0.002951", "E": 1773610911405, "a": "72061.56", "b": "72061.55", "s": "BTCUSDT"}, "stream": "btcusdt@bookTicker"}, "timestamp": "2026-03-15T21:49:45.686054+00:00"}
{"payload": {"data": {"A": "2.2548", "B": "0.0497", "E": 1773610911405, "a": "2138.11", "b": "2138.1", "s": "ETHUSDT"}, "stream": "ethusdt@bookTicker"}, "timestamp": "2026-03-15T21:49:45.686094+00:00"}
{"payload": {"data": {"A": "245.6079", "B": "1.0365", "E": 1773610911405, "a": "89.76", "b": "89.74", "s": "SOLUSDT"}, "stream": "solusdt@bookTicker"}, "timestamp": "2026-03-15T21:49:45.686133+00:00"}
{"payload": {"data": {"E": 1773610911599, "m": true, "p": "2138.1", "q": "0.0082", "s": "ETHUSDT"}, "stream": "ethusdt@trade"}, "timestamp": "2026-03-15T21:49:45.686175+00:00"}
{"payload": {"data": {"k": {"T": 1773619199999, "c": "2138.1", "h": "2144.43", "i": "4h", "l": "2110", "o": "2113.39", "q": "6044036.602395", "t": 1773604800000, "v": "2840.1248", "x": false}, "s": "ETHUSDT"}, "stream": "ethusdt@kline_4h"}, "timestamp": "2026-03-15T21:49:45.686215+00:00"}
{"payload": {"data": {"k": {"T": 1773611999999, "c": "2138.1", "h": "2144.43", "i": "1h", "l": "2123.34", "o": "2129.01", "q": "2595833.798573", "t": 1773608400000, "v": "1216.8631", "x": false}, "s": "ETHUSDT"}, "stream": "ethusdt@kline_1h"}, "timestamp": "2026-03-15T21:49:45.686268+00:00"}
{"payload": {"data": {"A": "0.099127", "B": "0.002951", "E": 1773610911704, "a": "72061.56", "b": "72061.55", "s": "BTCUSDT"}, "stream": "btcusdt@bookTicker"}, "timestamp": "2026-03-15T21:49:45.686312+00:00"}
{"payload": {"data": {"A": "2.2548", "B": "0.0497", "E": 1773610911704, "a": "2138.11", "b": "2138.1", "s": "ETHUSDT"}, "stream": "ethusdt@bookTicker"}, "timestamp": "2026-03-15T21:49:45.686352+00:00"}
{"payload": {"data": {"A": "1.0365", "B": "7.6893", "E": 1773610911704, "a": "89.75", "b": "89.74", "s": "SOLUSDT"}, "stream": "solusdt@bookTicker"}, "timestamp": "2026-03-15T21:49:45.686397+00:00"}
{"payload": {"data": {"A": "0.099127", "B": "0.002951", "E": 1773610912032, "a": "72061.56", "b": "72061.55", "s": "BTCUSDT"}, "stream": "btcusdt@bookTicker"}, "timestamp": "2026-03-15T21:49:45.686437+00:00"}
{"payload": {"data": {"A": "1.8929", "B": "0.5069", "E": 1773610912034, "a": "2138.01", "b": "2138", "s": "ETHUSDT"}, "stream": "ethusdt@bookTicker"}, "timestamp": "2026-03-15T21:49:45.686476+00:00"}
{"payload": {"data": {"A": "1.0365", "B": "6.6528", "E": 1773610912036, "a": "89.75", "b": "89.74", "s": "SOLUSDT"}, "stream": "solusdt@bookTicker"}, "timestamp": "2026-03-15T21:49:45.686515+00:00"}
{"payload": {"data": {"E": 1773610912045, "m": false, "p": "72061.56", "q": "0.000689", "s": "BTCUSDT"}, "stream": "btcusdt@trade"}, "timestamp": "2026-03-15T21:49:45.686555+00:00"}
{"payload": {"data": {"E": 1773610912045, "m": false, "p": "72061.56", "q": "0.000001", "s": "BTCUSDT"}, "stream": "btcusdt@trade"}, "timestamp": "2026-03-15T21:49:45.686590+00:00"}
{"payload": {"data": {"k": {"T": 1773619199999, "c": "72061.56", "h": "72217.47", "i": "4h", "l": "71429.07", "o": "71553.27", "q": "5749500.75133283", "t": 1773604800000, "v": "80.089851", "x": false}, "s": "BTCUSDT"}, "stream": "btcusdt@kline_4h"}, "timestamp": "2026-03-15T21:49:45.686631+00:00"}
{"payload": {"data": {"k": {"T": 1773611999999, "c": "72061.56", "h": "72217.47", "i": "1h", "l": "71625.28", "o": "71727", "q": "2436655.019596", "t": 1773608400000, "v": "33.871062", "x": false}, "s": "BTCUSDT"}, "stream": "btcusdt@kline_1h"}, "timestamp": "2026-03-15T21:49:45.686685+00:00"}
{"payload": {"data": {"A": "2.4692", "B": "0.4759", "E": 1773610912317, "a": "2138.01", "b": "2138", "s": "ETHUSDT"}, "stream": "ethusdt@bookTicker"}, "timestamp": "2026-03-15T21:49:45.686728+00:00"}
{"payload": {"data": {"A": "0.099127", "B": "0.002951", "E": 1773610912317, "a": "72061.56", "b": "72061.55", "s": "BTCUSDT"}, "stream": "btcusdt@bookTicker"}, "timestamp": "2026-03-15T21:49:45.686770+00:00"}
{"payload": {"data": {"A": "1.0365", "B": "6.6528", "E": 1773610912315, "a": "89.75", "b": "89.74", "s": "SOLUSDT"}, "stream": "solusdt@bookTicker"}, "timestamp": "2026-03-15T21:49:45.686809+00:00"}
{"payload": {"data": {"A": "2.0097", "B": "0.5069", "E": 1773610912629, "a": "2138.01", "b": "2138", "s": "ETHUSDT"}, "stream": "ethusdt@bookTicker"}, "timestamp": "2026-03-15T21:49:45.686848+00:00"}
{"payload": {"data": {"A": "0.098437", "B": "0.002951", "E": 1773610912628, "a": "72061.56", "b": "72061.55", "s": "BTCUSDT"}, "stream": "btcusdt@bookTicker"}, "timestamp": "2026-03-15T21:49:45.686888+00:00"}
{"payload": {"data": {"A": "1.0365", "B": "6.6528", "E": 1773610912631, "a": "89.75", "b": "89.74", "s": "SOLUSDT"}, "stream": "solusdt@bookTicker"}, "timestamp": "2026-03-15T21:49:45.686926+00:00"}
{"payload": {"data": {"A": "0.098437", "B": "0.002951", "E": 1773610912919, "a": "72061.56", "b": "72061.55", "s": "BTCUSDT"}, "stream": "btcusdt@bookTicker"}, "timestamp": "2026-03-15T21:49:45.686965+00:00"}
{"payload": {"data": {"A": "2.0097", "B": "0.5069", "E": 1773610912921, "a": "2138.01", "b": "2138", "s": "ETHUSDT"}, "stream": "ethusdt@bookTicker"}, "timestamp": "2026-03-15T21:49:45.687004+00:00"}
{"payload": {"data": {"A": "1.0365", "B": "6.6528", "E": 1773610912922, "a": "89.75", "b": "89.74", "s": "SOLUSDT"}, "stream": "solusdt@bookTicker"}, "timestamp": "2026-03-15T21:49:45.687042+00:00"}
{"payload": {"data": {"E": 1773610913014, "m": true, "p": "72061.55", "q": "0.001564", "s": "BTCUSDT"}, "stream": "btcusdt@trade"}, "timestamp": "2026-03-15T21:49:45.687080+00:00"}
{"payload": {"data": {"E": 1773610913014, "m": true, "p": "72061", "q": "0.000031", "s": "BTCUSDT"}, "stream": "btcusdt@trade"}, "timestamp": "2026-03-15T21:49:45.687123+00:00"}
{"payload": {"data": {"E": 1773610913014, "m": true, "p": "72061.55", "q": "0.001387", "s": "BTCUSDT"}, "stream": "btcusdt@trade"}, "timestamp": "2026-03-15T21:49:45.687157+00:00"}
{"payload": {"data": {"E": 1773610913014, "m": true, "p": "72058.98", "q": "0.013875", "s": "BTCUSDT"}, "stream": "btcusdt@trade"}, "timestamp": "2026-03-15T21:49:45.687197+00:00"}
{"payload": {"data": {"E": 1773610913014, "m": true, "p": "72059", "q": "0.000031", "s": "BTCUSDT"}, "stream": "btcusdt@trade"}, "timestamp": "2026-03-15T21:49:45.687230+00:00"}
{"payload": {"data": {"E": 1773610913014, "m": true, "p": "72060", "q": "0.000031", "s": "BTCUSDT"}, "stream": "btcusdt@trade"}, "timestamp": "2026-03-15T21:49:45.687262+00:00"}
{"payload": {"data": {"E": 1773610913020, "m": true, "p": "72057", "q": "0.000031", "s": "BTCUSDT"}, "stream": "btcusdt@trade"}, "timestamp": "2026-03-15T21:49:45.687301+00:00"}
{"payload": {"data": {"E": 1773610913020, "m": true, "p": "72058", "q": "0.000031", "s": "BTCUSDT"}, "stream": "btcusdt@trade"}, "timestamp": "2026-03-15T21:49:45.687334+00:00"}
{"payload": {"data": {"E": 1773610913025, "m": true, "p": "72055", "q": "0.000031", "s": "BTCUSDT"}, "stream": "btcusdt@trade"}, "timestamp": "2026-03-15T21:49:45.687377+00:00"}
{"payload": {"data": {"E": 1773610913025, "m": true, "p": "72056", "q": "0.000031", "s": "BTCUSDT"}, "stream": "btcusdt@trade"}, "timestamp": "2026-03-15T21:49:45.687410+00:00"}
{"payload": {"data": {"E": 1773610913031, "m": true, "p": "72054.8", "q": "0.000491", "s": "BTCUSDT"}, "stream": "btcusdt@trade"}, "timestamp": "2026-03-15T21:49:45.687447+00:00"}
{"payload": {"data": {"E": 1773610913039, "m": true, "p": "72054", "q": "0.000031", "s": "BTCUSDT"}, "stream": "btcusdt@trade"}, "timestamp": "2026-03-15T21:49:45.687484+00:00"}
{"payload": {"data": {"E": 1773610913052, "m": true, "p": "72053", "q": "0.000031", "s": "BTCUSDT"}, "stream": "btcusdt@trade"}, "timestamp": "2026-03-15T21:49:45.687521+00:00"}
{"payload": {"data": {"k": {"T": 1773619199999, "c": "72053", "h": "72217.47", "i": "4h", "l": "71429.07", "o": "71553.27", "q": "5750768.70612418", "t": 1773604800000, "v": "80.107447", "x": false}, "s": "BTCUSDT"}, "stream": "btcusdt@kline_4h"}, "timestamp": "2026-03-15T21:49:45.687560+00:00"}
{"payload": {"data": {"k": {"T": 1773611999999, "c": "72053", "h": "72217.47", "i": "1h", "l": "71625.28", "o": "71727", "q": "2437922.97438735", "t": 1773608400000, "v": "33.888658", "x": false}, "s": "BTCUSDT"}, "stream": "btcusdt@kline_1h"}, "timestamp": "2026-03-15T21:49:45.687614+00:00"}
{"payload": {"data": {"A": "0.098437", "B": "0.002951", "E": 1773610913227, "a": "72061.56", "b": "72061.55", "s": "BTCUSDT"}, "stream": "btcusdt@bookTicker"}, "timestamp": "2026-03-15T21:49:45.687658+00:00"}
{"payload": {"data": {"A": "2.0715", "B": "15.6487", "E": 1773610913231, "a": "89.74", "b": "89.73", "s": "SOLUSDT"}, "stream": "solusdt@bookTicker"}, "timestamp": "2026-03-15T21:49:45.687700+00:00"}
{"payload": {"data": {"A": "2.5086", "B": "0.0082", "E": 1773610913230, "a": "2138.01", "b": "2138", "s": "ETHUSDT"}, "stream": "ethusdt@bookTicker"}, "timestamp": "2026-03-15T21:49:45.687740+00:00"}
{"payload": {"data": {"A": "0.188886", "B": "0.041064", "E": 1773610913511, "a": "72052.92", "b": "72052.91", "s": "BTCUSDT"}, "stream": "btcusdt@bookTicker"}, "timestamp": "2026-03-15T21:49:45.687779+00:00"}
{"payload": {"data": {"A": "2.5086", "B": "0.0082", "E": 1773610913512, "a": "2138.01", "b": "2138", "s": "ETHUSDT"}, "stream": "ethusdt@bookTicker"}, "timestamp": "2026-03-15T21:49:45.687818+00:00"}
{"payload": {"data": {"A": "2.0715", "B": "15.6487", "E": 1773610913514, "a": "89.74", "b": "89.73", "s": "SOLUSDT"}, "stream": "solusdt@bookTicker"}, "timestamp": "2026-03-15T21:49:45.687857+00:00"}
{"payload": {"data": {"A": "2.0409", "B": "0.0082", "E": 1773610913813, "a": "2138.01", "b": "2138", "s": "ETHUSDT"}, "stream": "ethusdt@bookTicker"}, "timestamp": "2026-03-15T21:49:45.687895+00:00"}
{"payload": {"data": {"A": "0.188886", "B": "0.006937", "E": 1773610913815, "a": "72052.92", "b": "72052.91", "s": "BTCUSDT"}, "stream": "btcusdt@bookTicker"}, "timestamp": "2026-03-15T21:49:45.687933+00:00"}
{"payload": {"data": {"A": "2.0715", "B": "16.6852", "E": 1773610913816, "a": "89.74", "b": "89.73", "s": "SOLUSDT"}, "stream": "solusdt@bookTicker"}, "timestamp": "2026-03-15T21:49:45.687972+00:00"}
{"payload": {"data": {"A": "2.0409", "B": "0.0082", "E": 1773610914180, "a": "2138.01", "b": "2138", "s": "ETHUSDT"}, "stream": "ethusdt@bookTicker"}, "timestamp": "2026-03-15T21:49:45.688010+00:00"}
{"payload": {"data": {"A": "0.181949", "B": "0.006937", "E": 1773610914182, "a": "72052.92", "b": "72052.91", "s": "BTCUSDT"}, "stream": "btcusdt@bookTicker"}, "timestamp": "2026-03-15T21:49:45.688049+00:00"}
{"payload": {"data": {"A": "1.0365", "B": "15.6487", "E": 1773610914184, "a": "89.74", "b": "89.73", "s": "SOLUSDT"}, "stream": "solusdt@bookTicker"}, "timestamp": "2026-03-15T21:49:45.688087+00:00"}
{"payload": {"data": {"E": 1773610914399, "m": true, "p": "72052.91", "q": "0.00009", "s": "BTCUSDT"}, "stream": "btcusdt@trade"}, "timestamp": "2026-03-15T21:49:45.688125+00:00"}
{"payload": {"data": {"E": 1773610914406, "m": true, "p": "72051", "q": "0.000031", "s": "BTCUSDT"}, "stream": "btcusdt@trade"}, "timestamp": "2026-03-15T21:49:45.688165+00:00"}
{"payload": {"data": {"E": 1773610914406, "m": true, "p": "72052", "q": "0.000031", "s": "BTCUSDT"}, "stream": "btcusdt@trade"}, "timestamp": "2026-03-15T21:49:45.688197+00:00"}
{"payload": {"data": {"E": 1773610914406, "m": true, "p": "72049.01", "q": "0.000245", "s": "BTCUSDT"}, "stream": "btcusdt@trade"}, "timestamp": "2026-03-15T21:49:45.688236+00:00"}
{"payload": {"data": {"E": 1773610914406, "m": true, "p": "72050", "q": "0.000031", "s": "BTCUSDT"}, "stream": "btcusdt@trade"}, "timestamp": "2026-03-15T21:49:45.688269+00:00"}
{"payload": {"data": {"A": "0.181949", "B": "0.006937", "E": 1773610914433, "a": "72052.92", "b": "72052.91", "s": "BTCUSDT"}, "stream": "btcusdt@bookTicker"}, "timestamp": "2026-03-15T21:49:45.688307+00:00"}
{"payload": {"data": {"A": "2.0409", "B": "0.0082", "E": 1773610914433, "a": "2138.01", "b": "2138", "s": "ETHUSDT"}, "stream": "ethusdt@bookTicker"}, "timestamp": "2026-03-15T21:49:45.688350+00:00"}
{"payload": {"data": {"A": "16.9638", "B": "19.5757", "E": 1773610914433, "a": "89.75", "b": "89.73", "s": "SOLUSDT"}, "stream": "solusdt@bookTicker"}, "timestamp": "2026-03-15T21:49:45.688390+00:00"}
{"payload": {"data": {"k": {"T": 1773619199999, "c": "72052.91", "h": "72217.47", "i": "4h", "l": "71429.07", "o": "71553.27", "q": "5750775.19088608", "t": 1773604800000, "v": "80.107537", "x": false}, "s": "BTCUSDT"}, "stream": "btcusdt@kline_4h"}, "timestamp": "2026-03-15T21:49:45.688429+00:00"}
{"payload": {"data": {"k": {"T": 1773611999999, "c": "72052.91", "h": "72217.47", "i": "1h", "l": "71625.28", "o": "71727", "q": "2437929.45914925", "t": 1773608400000, "v": "33.888748", "x": false}, "s": "BTCUSDT"}, "stream": "btcusdt@kline_1h"}, "timestamp": "2026-03-15T21:49:45.688483+00:00"}
{"payload": {"data": {"A": "2.0409", "B": "0.0082", "E": 1773610914716, "a": "2138.01", "b": "2138", "s": "ETHUSDT"}, "stream": "ethusdt@bookTicker"}, "timestamp": "2026-03-15T21:49:45.688525+00:00"}
{"payload": {"data": {"A": "0.181949", "B": "0.006937", "E": 1773610914716, "a": "72052.92", "b": "72052.91", "s": "BTCUSDT"}, "stream": "btcusdt@bookTicker"}, "timestamp": "2026-03-15T21:49:45.688566+00:00"}
{"payload": {"data": {"A": "1.0365", "B": "15.6487", "E": 1773610914717, "a": "89.74", "b": "89.73", "s": "SOLUSDT"}, "stream": "solusdt@bookTicker"}, "timestamp": "2026-03-15T21:49:45.688605+00:00"}
{"payload": {"data": {"A": "0.181949", "B": "0.006937", "E": 1773610915031, "a": "72052.92", "b": "72052.91", "s": "BTCUSDT"}, "stream": "btcusdt@bookTicker"}, "timestamp": "2026-03-15T21:49:45.688643+00:00"}
{"payload": {"data": {"A": "16.9638", "B": "19.5757", "E": 1773610915031, "a": "89.75", "b": "89.73", "s": "SOLUSDT"}, "stream": "solusdt@bookTicker"}, "timestamp": "2026-03-15T21:49:45.688682+00:00"}
{"payload": {"data": {"A": "2.0409", "B": "0.0082", "E": 1773610915032, "a": "2138.01", "b": "2138", "s": "ETHUSDT"}, "stream": "ethusdt@bookTicker"}, "timestamp": "2026-03-15T21:49:45.688721+00:00"}
{"payload": {"data": {"A": "2.0409", "B": "0.0082", "E": 1773610915346, "a": "2138.01", "b": "2138", "s": "ETHUSDT"}, "stream": "ethusdt@bookTicker"}, "timestamp": "2026-03-15T21:49:45.688759+00:00"}
{"payload": {"data": {"A": "0.076817", "B": "0.031053", "E": 1773610915345, "a": "72049.01", "b": "72049", "s": "BTCUSDT"}, "stream": "btcusdt@bookTicker"}, "timestamp": "2026-03-15T21:49:45.688798+00:00"}
{"payload": {"data": {"A": "16.9638", "B": "6.5266", "E": 1773610915347, "a": "89.75", "b": "89.74", "s": "SOLUSDT"}, "stream": "solusdt@bookTicker"}, "timestamp": "2026-03-15T21:49:45.688836+00:00"}
{"payload": {"data": {"E": 1773610915556, "m": true, "p": "2138", "q": "0.0082", "s": "ETHUSDT"}, "stream": "ethusdt@trade"}, "timestamp": "2026-03-15T21:49:45.688874+00:00"}
{"payload": {"data": {"E": 1773610915556, "m": true, "p": "2138", "q": "0.0415", "s": "ETHUSDT"}, "stream": "ethusdt@trade"}, "timestamp": "2026-03-15T21:49:45.688915+00:00"}
{"payload": {"data": {"E": 1773610915556, "m": true, "p": "2138", "q": "0.0317", "s": "ETHUSDT"}, "stream": "ethusdt@trade"}, "timestamp": "2026-03-15T21:49:45.688949+00:00"}
{"payload": {"data": {"E": 1773610915556, "m": true, "p": "2138", "q": "0.1931", "s": "ETHUSDT"}, "stream": "ethusdt@trade"}, "timestamp": "2026-03-15T21:49:45.688986+00:00"}
{"payload": {"data": {"k": {"T": 1773619199999, "c": "2138", "h": "2144.43", "i": "4h", "l": "2110", "o": "2113.39", "q": "6044210.635595", "t": 1773604800000, "v": "2840.2062", "x": false}, "s": "ETHUSDT"}, "stream": "ethusdt@kline_4h"}, "timestamp": "2026-03-15T21:49:45.689024+00:00"}
{"payload": {"data": {"k": {"T": 1773611999999, "c": "2138", "h": "2144.43", "i": "1h", "l": "2123.34", "o": "2129.01", "q": "2596007.831773", "t": 1773608400000, "v": "1216.9445", "x": false}, "s": "ETHUSDT"}, "stream": "ethusdt@kline_1h"}, "timestamp": "2026-03-15T21:49:45.689077+00:00"}
{"payload": {"data": {"A": "0.038432", "B": "0.031053", "E": 1773610915644, "a": "72049.01", "b": "72049", "s": "BTCUSDT"}, "stream": "btcusdt@bookTicker"}, "timestamp": "2026-03-15T21:49:45.689122+00:00"}
{"payload": {"data": {"A": "2.0409", "B": "0.0497", "E": 1773610915645, "a": "2138.01", "b": "2138", "s": "ETHUSDT"}, "stream": "ethusdt@bookTicker"}, "timestamp": "2026-03-15T21:49:45.689164+00:00"}
{"payload": {"data": {"A": "6.6077", "B": "6.5266", "E": 1773610915645, "a": "89.75", "b": "89.74", "s": "SOLUSDT"}, "stream": "solusdt@bookTicker"}, "timestamp": "2026-03-15T21:49:45.689203+00:00"}
{"payload": {"data": {"E": 1773610915706, "m": false, "p": "72052.91", "q": "0.000665", "s": "BTCUSDT"}, "stream": "btcusdt@trade"}, "timestamp": "2026-03-15T21:49:45.689241+00:00"}
{"payload": {"data": {"E": 1773610915707, "m": false, "p": "72052.91", "q": "0.000649", "s": "BTCUSDT"}, "stream": "btcusdt@trade"}, "timestamp": "2026-03-15T21:49:45.689281+00:00"}
{"payload": {"data": {"E": 1773610915707, "m": false, "p": "72052.91", "q": "0.000677", "s": "BTCUSDT"}, "stream": "btcusdt@trade"}, "timestamp": "2026-03-15T21:49:45.689318+00:00"}
{"payload": {"data": {"E": 1773610915711, "m": false, "p": "72052.92", "q": "0.052539", "s": "BTCUSDT"}, "stream": "btcusdt@trade"}, "timestamp": "2026-03-15T21:49:45.689359+00:00"}
{"payload": {"data": {"E": 1773610915715, "m": false, "p": "72054.4", "q": "0.000138", "s": "BTCUSDT"}, "stream": "btcusdt@trade"}, "timestamp": "2026-03-15T21:49:45.689398+00:00"}
{"payload": {"data": {"E": 1773610915715, "m": false, "p": "72055.12", "q": "0.000138", "s": "BTCUSDT"}, "stream": "btcusdt@trade"}, "timestamp": "2026-03-15T21:49:45.689436+00:00"}
{"payload": {"data": {"E": 1773610915715, "m": false, "p": "72054.42", "q": "0.000138", "s": "BTCUSDT"}, "stream": "btcusdt@trade"}, "timestamp": "2026-03-15T21:49:45.689469+00:00"}
{"payload": {"data": {"E": 1773610915759, "m": false, "p": "2138.01", "q": "0.0467", "s": "ETHUSDT"}, "stream": "ethusdt@trade"}, "timestamp": "2026-03-15T21:49:45.689507+00:00"}
{"payload": {"data": {"E": 1773610915759, "m": false, "p": "2138.01", "q": "0.0353", "s": "ETHUSDT"}, "stream": "ethusdt@trade"}, "timestamp": "2026-03-15T21:49:45.689544+00:00"}
{"payload": {"data": {"E": 1773610915760, "m": false, "p": "2138.01", "q": "0.0045", "s": "ETHUSDT"}, "stream": "ethusdt@trade"}, "timestamp": "2026-03-15T21:49:45.689583+00:00"}
{"payload": {"data": {"E": 1773610915759, "m": false, "p": "2138.01", "q": "0.0221", "s": "ETHUSDT"}, "stream": "ethusdt@trade"}, "timestamp": "2026-03-15T21:49:45.689616+00:00"}
{"payload": {"data": {"E": 1773610915759, "m": false, "p": "2138.01", "q": "0.0082", "s": "ETHUSDT"}, "stream": "ethusdt@trade"}, "timestamp": "2026-03-15T21:49:45.689648+00:00"}
{"payload": {"data": {"k": {"T": 1773619199999, "c": "72052.92", "h": "72217.47", "i": "4h", "l": "71429.07", "o": "71553.27", "q": "5754728.58934422", "t": 1773604800000, "v": "80.162405", "x": false}, "s": "BTCUSDT"}, "stream": "btcusdt@kline_4h"}, "timestamp": "2026-03-15T21:49:45.689687+00:00"}
{"payload": {"data": {"k": {"T": 1773611999999, "c": "72052.92", "h": "72217.47", "i": "1h", "l": "71625.28", "o": "71727", "q": "2441882.85760739", "t": 1773608400000, "v": "33.943616", "x": false}, "s": "BTCUSDT"}, "stream": "btcusdt@kline_1h"}, "timestamp": "2026-03-15T21:49:45.689740+00:00"}
{"payload": {"data": {"A": "6.6077", "B": "6.5266", "E": 1773610915941, "a": "89.75", "b": "89.74", "s": "SOLUSDT"}, "stream": "solusdt@bookTicker"}, "timestamp": "2026-03-15T21:49:45.689782+00:00"}
{"payload": {"data": {"A": "0.042653", "B": "0.031053", "E": 1773610915941, "a": "72049.01", "b": "72049", "s": "BTCUSDT"}, "stream": "btcusdt@bookTicker"}, "timestamp": "2026-03-15T21:49:45.689824+00:00"}
{"payload": {"data": {"A": "2.0097", "B": "0.0497", "E": 1773610915942, "a": "2138.01", "b": "2138", "s": "ETHUSDT"}, "stream": "ethusdt@bookTicker"}, "timestamp": "2026-03-15T21:49:45.689864+00:00"}
{"payload": {"data": {"E": 1773610915998, "m": true, "p": "2138.5", "q": "0.0233", "s": "ETHUSDT"}, "stream": "ethusdt@trade"}, "timestamp": "2026-03-15T21:49:45.689902+00:00"}
{"payload": {"data": {"E": 1773610915998, "m": true, "p": "2138.5", "q": "0.0233", "s": "ETHUSDT"}, "stream": "ethusdt@trade"}, "timestamp": "2026-03-15T21:49:45.689941+00:00"}
{"payload": {"data": {"A": "13.2199", "B": "12.3742", "E": 1773610916256, "a": "89.78", "b": "89.76", "s": "SOLUSDT"}, "stream": "solusdt@bookTicker"}, "timestamp": "2026-03-15T21:49:45.689980+00:00"}
{"payload": {"data": {"A": "0.064659", "B": "0.097748", "E": 1773610916256, "a": "72063.03", "b": "72063.02", "s": "BTCUSDT"}, "stream": "btcusdt@bookTicker"}, "timestamp": "2026-03-15T21:49:45.690019+00:00"}
{"payload": {"data": {"A": "0.2532", "B": "1.8463", "E": 1773610916253, "a": "2138.51", "b": "2138.5", "s": "ETHUSDT"}, "stream": "ethusdt@bookTicker"}, "timestamp": "2026-03-15T21:49:45.690058+00:00"}
{"payload": {"data": {"A": "0.2532", "B": "1.8463", "E": 1773610916539, "a": "2138.51", "b": "2138.5", "s": "ETHUSDT"}, "stream": "ethusdt@bookTicker"}, "timestamp": "2026-03-15T21:49:45.690097+00:00"}
{"payload": {"data": {"A": "13.2199", "B": "12.3742", "E": 1773610916540, "a": "89.78", "b": "89.76", "s": "SOLUSDT"}, "stream": "solusdt@bookTicker"}, "timestamp": "2026-03-15T21:49:45.690135+00:00"}
{"payload": {"data": {"A": "0.064659", "B": "0.097748", "E": 1773610916538, "a": "72063.03", "b": "72063.02", "s": "BTCUSDT"}, "stream": "btcusdt@bookTicker"}, "timestamp": "2026-03-15T21:49:45.690176+00:00"}
{"payload": {"data": {"A": "0.064659", "B": "0.053099", "E": 1773610916863, "a": "72063.03", "b": "72063.02", "s": "BTCUSDT"}, "stream": "btcusdt@bookTicker"}, "timestamp": "2026-03-15T21:49:45.690215+00:00"}
{"payload": {"data": {"A": "0.5024", "B": "1.8929", "E": 1773610916863, "a": "2138.51", "b": "2138.5", "s": "ETHUSDT"}, "stream": "ethusdt@bookTicker"}, "timestamp": "2026-03-15T21:49:45.690254+00:00"}
{"payload": {"data": {"A": "6.5248", "B": "6.5523", "E": 1773610916864, "a": "89.76", "b": "89.75", "s": "SOLUSDT"}, "stream": "solusdt@bookTicker"}, "timestamp": "2026-03-15T21:49:45.690293+00:00"}
{"payload": {"data": {"E": 1773610916899, "m": true, "p": "2138.5", "q": "1.5329", "s": "ETHUSDT"}, "stream": "ethusdt@trade"}, "timestamp": "2026-03-15T21:49:45.690334+00:00"}
{"payload": {"data": {"k": {"T": 1773619199999, "c": "2138.5", "h": "2144.43", "i": "4h", "l": "2110", "o": "2113.39", "q": "6048250.963713", "t": 1773604800000, "v": "2842.0956", "x": false}, "s": "ETHUSDT"}, "stream": "ethusdt@kline_4h"}, "timestamp": "2026-03-15T21:49:45.690374+00:00"}
{"payload": {"data": {"k": {"T": 1773611999999, "c": "2138.5", "h": "2144.43", "i": "1h", "l": "2123.34", "o": "2129.01", "q": "2600048.159891", "t": 1773608400000, "v": "1218.8339", "x": false}, "s": "ETHUSDT"}, "stream": "ethusdt@kline_1h"}, "timestamp": "2026-03-15T21:49:45.690426+00:00"}
{"payload": {"data": {"k": {"T": 1773619199999, "c": "72055.12", "h": "72217.47", "i": "4h", "l": "71429.07", "o": "71553.27", "q": "5754758.41996794", "t": 1773604800000, "v": "80.162819", "x": false}, "s": "BTCUSDT"}, "stream": "btcusdt@kline_4h"}, "timestamp": "2026-03-15T21:49:45.690470+00:00"}
{"payload": {"data": {"k": {"T": 1773611999999, "c": "72055.12", "h": "72217.47", "i": "1h", "l": "71625.28", "o": "71727", "q": "2441912.68823111", "t": 1773608400000, "v": "33.94403", "x": false}, "s": "BTCUSDT"}, "stream": "btcusdt@kline_1h"}, "timestamp": "2026-03-15T21:49:45.690521+00:00"}
{"payload": {"data": {"E": 1773610917139, "m": true, "p": "89.73", "q": "3.9509", "s": "SOLUSDT"}, "stream": "solusdt@trade"}, "timestamp": "2026-03-15T21:49:45.690563+00:00"}
