{"payload": {"data": {"E": 1773611017632, "m": false, "p": "72057.5", "ps": "BTCUSDT", "q": "0.0001", "s": "BTCUSDT"}, "stream": "btcusdt@trade"}, "timestamp": "2026-03-15T21:43:37.643132+00:00"}
{"payload": {"data": {"E": 1773611017632, "m": false, "p": "72058.7", "ps": "BTCUSDT", "q": "0.0001", "s": "BTCUSDT"}, "stream": "btcusdt@trade"}, "timestamp": "2026-03-15T21:43:37.643907+00:00"}
{"payload": {"data": {"E": 1773611017632, "m": false, "p": "72057.7", "ps": "BTCUSDT", "q": "0.0001", "s": "BTCUSDT"}, "stream": "btcusdt@trade"}, "timestamp": "2026-03-15T21:43:37.644199+00:00"}
{"payload": {"data": {"E": 1773611017632, "m": false, "p": "72057.6", "ps": "BTCUSDT", "q": "0.0001", "s": "BTCUSDT"}, "stream": "btcusdt@trade"}, "timestamp": "2026-03-15T21:43:37.644431+00:00"}
{"payload": {"data": {"E": 1773611017667, "m": true, "p": "2138.99", "ps": "ETHUSDT", "q": "0.46", "s": "ETHUSDT"}, "stream": "ethusdt@trade"}, "timestamp": "2026-03-15T21:43:37.679735+00:00"}
{"payload": {"data": {"E": 1773611017688, "m": true, "p": "72059.3", "ps": "BTCUSDT", "q": "0.0154", "s": "BTCUSDT"}, "stream": "btcusdt@trade"}, "timestamp": "2026-03-15T21:43:37.699521+00:00"}
{"payload": {"data": {"k": {"T": 1773611099999, "c": "2139", "h": "2139.69", "i": "5m", "l": "2134.77", "o": "2136.84", "q": "4255297.4678", "t": 1773610800000, "v": "1991.05", "x": false}, "ps": "ETHUSDT", "s": "ETHUSDT"}, "stream": "ethusdt@kline_5m"}, "timestamp": "2026-03-15T21:43:37.711291+00:00"}
{"payload": {"data": {"E": 1773611017730, "m": false, "p": "72059.5", "ps": "BTCUSDT", "q": "0.0001", "s": "BTCUSDT"}, "stream": "btcusdt@trade"}, "timestamp": "2026-03-15T21:43:37.741615+00:00"}
{"payload": {"data": {"E": 1773611017730, "m": false, "p": "72059.4", "ps": "BTCUSDT", "q": "0.0001", "s": "BTCUSDT"}, "stream": "btcusdt@trade"}, "timestamp": "2026-03-15T21:43:37.741951+00:00"}
{"payload": {"data": {"E": 1773611017756, "m": true, "p": "72059.6", "ps": "BTCUSDT", "q": "0.4964", "s": "BTCUSDT"}, "stream": "btcusdt@trade"}, "timestamp": "2026-03-15T21:43:37.768718+00:00"}
{"payload": {"data": {"E": 1773611017756, "m": true, "p": "72059.6", "ps": "BTCUSDT", "q": "0.0395", "s": "BTCUSDT"}, "stream": "btcusdt@trade"}, "timestamp": "2026-03-15T21:43:37.769103+00:00"}
{"payload": {"data": {"A": "3.3246", "B": "16.4092", "E": 1773611017803, "a": "89.8", "b": "89.79", "s": "SOLUSDT"}, "stream": "solusdt@bookTicker"}, "timestamp": "2026-03-15T21:43:37.813612+00:00"}
{"payload": {"data": {"A": "3.6634", "B": "0.8425", "E": 1773611017803, "a": "2140.13", "b": "2140.12", "s": "ETHUSDT"}, "stream": "ethusdt@bookTicker"}, "timestamp": "2026-03-15T21:43:37.814805+00:00"}
{"payload": {"data": {"A": "0.577665", "B": "0.21372", "E": 1773611017804, "a": "72099.28", "b": "72099.27", "s": "BTCUSDT"}, "stream": "btcusdt@bookTicker"}, "timestamp": "2026-03-15T21:43:37.818013+00:00"}
{"payload": {"data": {"E": 1773611017816, "m": true, "p": "2140.12", "q": "0.0243", "s": "ETHUSDT"}, "stream": "ethusdt@trade"}, "timestamp": "2026-03-15T21:43:37.828869+00:00"}
{"payload": {"data": {"A": "0.42", "B": "86.02", "E": 1773611017930, "a": "2138.96", "b": "2138.95", "ps": "ETHUSDT", "s": "ETHUSDT"}, "stream": "ethusdt@bookTicker"}, "timestamp": "2026-03-15T21:43:37.941315+00:00"}
{"payload": {"data": {"E": 1773611017930, "i": "2139.1435699212066123", "p": "2138.63", "r": "-0.000018", "s": "ETHUSDT"}, "stream": "ethusdt@markPrice"}, "timestamp": "2026-03-15T21:43:37.941803+00:00"}
{"payload": {"data": {"openInterest": "653619.83", "symbol": "ETHUSDT", "time": 1773611017930}, "stream": "ethusdt@openInterest"}, "timestamp": "2026-03-15T21:43:37.942093+00:00"}
{"payload": {"data": {"A": "0.8332", "B": "7.5746", "E": 1773611017930, "a": "72057.5", "b": "72057.4", "ps": "BTCUSDT", "s": "BTCUSDT"}, "stream": "btcusdt@bookTicker"}, "timestamp": "2026-03-15T21:43:37.942396+00:00"}
{"payload": {"data": {"E": 1773611017930, "i": "72079.4546229409535958", "p": "72046.5", "r": "-0.000026", "s": "BTCUSDT"}, "stream": "btcusdt@markPrice"}, "timestamp": "2026-03-15T21:43:37.942667+00:00"}
{"payload": {"data": {"openInterest": "27395.3774", "symbol": "BTCUSDT", "time": 1773611017930}, "stream": "btcusdt@openInterest"}, "timestamp": "2026-03-15T21:43:37.942889+00:00"}
{"payload": {"data": {"A": "86", "B": "98.9", "E": 1773611017932, "a": "89.754", "b": "89.753", "ps": "SOLUSDT", "s": "SOLUSDT"}, "stream": "solusdt@bookTicker"}, "timestamp": "2026-03-15T21:43:37.943365+00:00"}
{"payload": {"data": {"E": 1773611017932, "i": "89.7348653613746601", "p": "89.728", "r": "-0.000007", "s": "SOLUSDT"}, "stream": "solusdt@markPrice"}, "timestamp": "2026-03-15T21:43:37.943623+00:00"}
{"payload": {"data": {"openInterest": "3538300.9", "symbol": "SOLUSDT", "time": 1773611017932}, "stream": "solusdt@openInterest"}, "timestamp": "2026-03-15T21:43:37.943842+00:00"}
{"payload": {"data": {"E": 1773611018067, "m": false, "p": "2139", "ps": "ETHUSDT", "q": "1.75", "s": "ETHUSDT"}, "stream": "ethusdt@trade"}, "timestamp": "2026-03-15T21:43:38.078691+00:00"}
{"payload": {"data": {"E": 1773611018067, "m": false, "p": "2139", "ps": "ETHUSDT", "q": "0.08", "s": "ETHUSDT"}, "stream": "ethusdt@trade"}, "timestamp": "2026-03-15T21:43:38.079113+00:00"}
{"payload": {"data": {"E": 1773611018067, "m": false, "p": "2139", "ps": "ETHUSDT", "q": "0.3", "s": "ETHUSDT"}, "stream": "ethusdt@trade"}, "timestamp": "2026-03-15T21:43:38.079639+00:00"}
{"payload": {"data": {"E": 1773611018068, "m": false, "p": "2139", "ps": "ETHUSDT", "q": "0.08", "s": "ETHUSDT"}, "stream": "ethusdt@trade"}, "timestamp": "2026-03-15T21:43:38.079969+00:00"}
{"payload": {"data": {"E": 1773611018068, "m": false, "p": "2139", "ps": "ETHUSDT", "q": "0.22", "s": "ETHUSDT"}, "stream": "ethusdt@trade"}, "timestamp": "2026-03-15T21:43:38.080081+00:00"}
{"payload": {"data": {"E": 1773611018069, "m": false, "p": "72099.28", "q": "0.006934", "s": "BTCUSDT"}, "stream": "btcusdt@trade"}, "timestamp": "2026-03-15T21:43:38.081101+00:00"}
{"payload": {"data": {"E": 1773611018071, "m": true, "p": "89.8", "q": "0.5572", "s": "SOLUSDT"}, "stream": "solusdt@trade"}, "timestamp": "2026-03-15T21:43:38.082034+00:00"}
{"payload": {"data": {"E": 1773611018071, "m": true, "p": "89.8", "q": "0.5572", "s": "SOLUSDT"}, "stream": "solusdt@trade"}, "timestamp": "2026-03-15T21:43:38.082336+00:00"}
{"payload": {"data": {"E": 1773611018073, "m": false, "p": "2139", "ps": "ETHUSDT", "q": "0.11", "s": "ETHUSDT"}, "stream": "ethusdt@trade"}, "timestamp": "2026-03-15T21:43:38.084187+00:00"}
{"payload": {"data": {"E": 1773611018073, "m": false, "p": "2139", "ps": "ETHUSDT", "q": "0.11", "s": "ETHUSDT"}, "stream": "ethusdt@trade"}, "timestamp": "2026-03-15T21:43:38.084368+00:00"}
{"payload": {"data": {"E": 1773611018073, "m": false, "p": "2139", "ps": "ETHUSDT", "q": "1.12", "s": "ETHUSDT"}, "stream": "ethusdt@trade"}, "timestamp": "2026-03-15T21:43:38.084564+00:00"}
{"payload": {"data": {"E": 1773611018073, "m": false, "p": "2139", "ps": "ETHUSDT", "q": "3.07", "s": "ETHUSDT"}, "stream": "ethusdt@trade"}, "timestamp": "2026-03-15T21:43:38.084677+00:00"}
{"payload": {"data": {"E": 1773611018073, "m": false, "p": "2139", "ps": "ETHUSDT", "q": "0.11", "s": "ETHUSDT"}, "stream": "ethusdt@trade"}, "timestamp": "2026-03-15T21:43:38.084903+00:00"}
{"payload": {"data": {"E": 1773611018074, "m": false, "p": "89.757", "ps": "SOLUSDT", "q": "0.1", "s": "SOLUSDT"}, "stream": "solusdt@trade"}, "timestamp": "2026-03-15T21:43:38.085992+00:00"}
{"payload": {"data": {"E": 1773611018078, "m": true, "p": "89.758", "ps": "SOLUSDT", "q": "0.5", "s": "SOLUSDT"}, "stream": "solusdt@trade"}, "timestamp": "2026-03-15T21:43:38.089495+00:00"}
{"payload": {"data": {"E": 1773611018078, "m": true, "p": "89.758", "ps": "SOLUSDT", "q": "0.1", "s": "SOLUSDT"}, "stream": "solusdt@trade"}, "timestamp": "2026-03-15T21:43:38.089779+00:00"}
{"payload": {"data": {"E": 1773611018078, "m": true, "p": "89.758", "ps": "SOLUSDT", "q": "0.6", "s": "SOLUSDT"}, "stream": "solusdt@trade"}, "timestamp": "2026-03-15T21:43:38.089956+00:00"}
{"payload": {"data": {"E": 1773611018078, "m": false, "p": "72059.7", "ps": "BTCUSDT", "q": "0.0011", "s": "BTCUSDT"}, "stream": "btcusdt@trade"}, "timestamp": "2026-03-15T21:43:38.090146+00:00"}
{"payload": {"data": {"E": 1773611018078, "m": false, "p": "72059.7", "ps": "BTCUSDT", "q": "0.0086", "s": "BTCUSDT"}, "stream": "btcusdt@trade"}, "timestamp": "2026-03-15T21:43:38.090401+00:00"}
{"payload": {"data": {"A": "0.006934", "B": "0.21372", "E": 1773611018081, "a": "72099.28", "b": "72099.27", "s": "BTCUSDT"}, "stream": "btcusdt@bookTicker"}, "timestamp": "2026-03-15T21:43:38.090606+00:00"}
{"payload": {"data": {"A": "3.3246", "B": "19.78", "E": 1773611018081, "a": "89.8", "b": "89.79", "s": "SOLUSDT"}, "stream": "solusdt@bookTicker"}, "timestamp": "2026-03-15T21:43:38.092464+00:00"}
{"payload": {"data": {"A": "3.6634", "B": "0.8425", "E": 1773611018082, "a": "2140.13", "b": "2140.12", "s": "ETHUSDT"}, "stream": "ethusdt@bookTicker"}, "timestamp": "2026-03-15T21:43:38.093560+00:00"}
{"payload": {"data": {"E": 1773611018109, "m": false, "p": "72059.7", "ps": "BTCUSDT", "q": "0.0086", "s": "BTCUSDT"}, "stream": "btcusdt@trade"}, "timestamp": "2026-03-15T21:43:38.122296+00:00"}
{"payload": {"data": {"k": {"T": 1773611099999, "c": "72059.7", "h": "72099.9", "i": "5m", "l": "71974.7", "o": "72049.8", "q": "20267470.961", "t": 1773610800000, "v": "281.3653", "x": false}, "ps": "BTCUSDT", "s": "BTCUSDT"}, "stream": "btcusdt@kline_5m"}, "timestamp": "2026-03-15T21:43:38.142828+00:00"}
{"payload": {"data": {"E": 1773611018136, "m": true, "p": "72107.32", "q": "0.000277", "s": "BTCUSDT"}, "stream": "btcusdt@trade"}, "timestamp": "2026-03-15T21:43:38.147675+00:00"}
{"payload": {"data": {"k": {"T": 1773619199999, "c": "89.8", "h": "90.15", "i": "4h", "l": "87.99", "o": "88.19", "q": "2074604.481092", "t": 1773604800000, "v": "23250.0971", "x": false}, "s": "SOLUSDT"}, "stream": "solusdt@kline_4h"}, "timestamp": "2026-03-15T21:43:38.148504+00:00"}
{"payload": {"data": {"k": {"T": 1773611099999, "c": "89.8", "h": "89.92", "i": "5m", "l": "89.67", "o": "89.82", "q": "33745.259874", "t": 1773610800000, "v": "376.1028", "x": false}, "s": "SOLUSDT"}, "stream": "solusdt@kline_5m"}, "timestamp": "2026-03-15T21:43:38.151595+00:00"}
{"payload": {"data": {"k": {"T": 1773611039999, "c": "89.8", "h": "89.8", "i": "1m", "l": "89.68", "o": "89.73", "q": "9251.6169", "t": 1773610980000, "v": "103.1461", "x": false}, "s": "SOLUSDT"}, "stream": "solusdt@kline_1m"}, "timestamp": "2026-03-15T21:43:38.154080+00:00"}
{"payload": {"data": {"k": {"T": 1773611999999, "c": "89.8", "h": "90.15", "i": "1h", "l": "88.57", "o": "88.76", "q": "1540603.268919", "t": 1773608400000, "v": "17215.0014", "x": false}, "s": "SOLUSDT"}, "stream": "solusdt@kline_1h"}, "timestamp": "2026-03-15T21:43:38.160493+00:00"}
{"payload": {"data": {"E": 1773611018208, "m": false, "p": "72059.7", "ps": "BTCUSDT", "q": "0.0086", "s": "BTCUSDT"}, "stream": "btcusdt@trade"}, "timestamp": "2026-03-15T21:43:38.219725+00:00"}
{"payload": {"data": {"E": 1773611018213, "m": false, "p": "72059.7", "ps": "BTCUSDT", "q": "0.0132", "s": "BTCUSDT"}, "stream": "btcusdt@trade"}, "timestamp": "2026-03-15T21:43:38.224704+00:00"}
{"payload": {"data": {"E": 1773611018213, "m": false, "p": "72059.7", "ps": "BTCUSDT", "q": "0.0132", "s": "BTCUSDT"}, "stream": "btcusdt@trade"}, "timestamp": "2026-03-15T21:43:38.224991+00:00"}
{"payload": {"data": {"E": 1773611018213, "m": false, "p": "72059.7", "ps": "BTCUSDT", "q": "0.0132", "s": "BTCUSDT"}, "stream": "btcusdt@trade"}, "timestamp": "2026-03-15T21:43:38.225229+00:00"}
{"payload": {"data": {"E": 1773611018213, "m": false, "p": "72059.7", "ps": "BTCUSDT", "q": "0.0132", "s": "BTCUSDT"}, "stream": "btcusdt@trade"}, "timestamp": "2026-03-15T21:43:38.225615+00:00"}
{"payload": {"data": {"E": 1773611018213, "m": false, "p": "72059.7", "ps": "BTCUSDT", "q": "0.0163", "s": "BTCUSDT"}, "stream": "btcusdt@trade"}, "timestamp": "2026-03-15T21:43:38.226311+00:00"}
{"payload": {"data": {"k": {"T": 1773611099999, "c": "89.758", "h": "89.893", "i": "5m", "l": "89.623", "o": "89.755", "q": "1541041.4375", "t": 1773610800000, "v": "17177.7", "x": false}, "ps": "SOLUSDT", "s": "SOLUSDT"}, "stream": "solusdt@kline_5m"}, "timestamp": "2026-03-15T21:43:38.226656+00:00"}
{"payload": {"data": {"E": 1773611018214, "m": false, "p": "72059.7", "ps": "BTCUSDT", "q": "0.008", "s": "BTCUSDT"}, "stream": "btcusdt@trade"}, "timestamp": "2026-03-15T21:43:38.226976+00:00"}
{"payload": {"data": {"E": 1773611018214, "m": false, "p": "72059.7", "ps": "BTCUSDT", "q": "0.0037", "s": "BTCUSDT"}, "stream": "btcusdt@trade"}, "timestamp": "2026-03-15T21:43:38.227249+00:00"}
{"payload": {"data": {"k": {"T": 1773619199999, "c": "72099.28", "h": "72217.47", "i": "4h", "l": "71429.07", "o": "71553.27", "q": "5855068.77719395", "t": 1773604800000, "v": "81.554943", "x": false}, "s": "BTCUSDT"}, "stream": "btcusdt@kline_4h"}, "timestamp": "2026-03-15T21:43:38.230583+00:00"}
{"payload": {"data": {"k": {"T": 1773611099999, "c": "72099.28", "h": "72134.46", "i": "5m", "l": "72014.29", "o": "72086.35", "q": "469971.1038148", "t": 1773610800000, "v": "6.521109", "x": false}, "s": "BTCUSDT"}, "stream": "btcusdt@kline_5m"}, "timestamp": "2026-03-15T21:43:38.233146+00:00"}
{"payload": {"data": {"E": 1773611018223, "m": false, "p": "2139.23", "ps": "ETHUSDT", "q": "19.03", "s": "ETHUSDT"}, "stream": "ethusdt@trade"}, "timestamp": "2026-03-15T21:43:38.235107+00:00"}
{"payload": {"data": {"k": {"T": 1773611039999, "c": "72099.28", "h": "72099.28", "i": "1m", "l": "72014.29", "o": "72044", "q": "71213.77048154", "t": 1773610980000, "v": "0.988418", "x": false}, "s": "BTCUSDT"}, "stream": "btcusdt@kline_1m"}, "timestamp": "2026-03-15T21:43:38.236098+00:00"}
{"payload": {"data": {"k": {"T": 1773611999999, "c": "72099.28", "h": "72217.47", "i": "1h", "l": "71625.28", "o": "71727", "q": "2542223.04545712", "t": 1773608400000, "v": "35.336154", "x": false}, "s": "BTCUSDT"}, "stream": "btcusdt@kline_1h"}, "timestamp": "2026-03-15T21:43:38.242710+00:00"}
{"payload": {"data": {"E": 1773611018237, "m": false, "p": "2140.15", "q": "2.5302", "s": "ETHUSDT"}, "stream": "ethusdt@trade"}, "timestamp": "2026-03-15T21:43:38.248774+00:00"}
{"payload": {"data": {"E": 1773611018237, "m": false, "p": "2140.15", "q": "0.3738", "s": "ETHUSDT"}, "stream": "ethusdt@trade"}, "timestamp": "2026-03-15T21:43:38.249044+00:00"}
{"payload": {"data": {"E": 1773611018242, "m": false, "p": "72059.7", "ps": "BTCUSDT", "q": "0.2488", "s": "BTCUSDT"}, "stream": "btcusdt@trade"}, "timestamp": "2026-03-15T21:43:38.254551+00:00"}
{"payload": {"data": {"E": 1773611018242, "m": false, "p": "72059.7", "ps": "BTCUSDT", "q": "0.0155", "s": "BTCUSDT"}, "stream": "btcusdt@trade"}, "timestamp": "2026-03-15T21:43:38.254848+00:00"}
{"payload": {"data": {"E": 1773611018247, "m": false, "p": "72064.1", "ps": "BTCUSDT", "q": "0.0001", "s": "BTCUSDT"}, "stream": "btcusdt@trade"}, "timestamp": "2026-03-15T21:43:38.258425+00:00"}
{"payload": {"data": {"E": 1773611018247, "m": false, "p": "72063.1", "ps": "BTCUSDT", "q": "0.0001", "s": "BTCUSDT"}, "stream": "btcusdt@trade"}, "timestamp": "2026-03-15T21:43:38.258703+00:00"}
{"payload": {"data": {"E": 1773611018247, "m": false, "p": "72062.1", "ps": "BTCUSDT", "q": "0.0001", "s": "BTCUSDT"}, "stream": "btcusdt@trade"}, "timestamp": "2026-03-15T21:43:38.258934+00:00"}
{"payload": {"data": {"E": 1773611018247, "m": false, "p": "72066.9", "ps": "BTCUSDT", "q": "0.0033", "s": "BTCUSDT"}, "stream": "btcusdt@trade"}, "timestamp": "2026-03-15T21:43:38.259386+00:00"}
{"payload": {"data": {"E": 1773611018247, "m": false, "p": "72066.9", "ps": "BTCUSDT", "q": "0.0033", "s": "BTCUSDT"}, "stream": "btcusdt@trade"}, "timestamp": "2026-03-15T21:43:38.259629+00:00"}
{"payload": {"data": {"E": 1773611018247, "m": false, "p": "72066.9", "ps": "BTCUSDT", "q": "0.0033", "s": "BTCUSDT"}, "stream": "btcusdt@trade"}, "timestamp": "2026-03-15T21:43:38.259847+00:00"}
{"payload": {"data": {"E": 1773611018247, "m": false, "p": "72066.1", "ps": "BTCUSDT", "q": "0.0001", "s": "BTCUSDT"}, "stream": "btcusdt@trade"}, "timestamp": "2026-03-15T21:43:38.260063+00:00"}
{"payload": {"data": {"E": 1773611018247, "m": false, "p": "72065.1", "ps": "BTCUSDT", "q": "0.0001", "s": "BTCUSDT"}, "stream": "btcusdt@trade"}, "timestamp": "2026-03-15T21:43:38.260277+00:00"}
{"payload": {"data": {"E": 1773611018247, "m": false, "p": "72070.1", "ps": "BTCUSDT", "q": "0.0001", "s": "BTCUSDT"}, "stream": "btcusdt@trade"}, "timestamp": "2026-03-15T21:43:38.260574+00:00"}
{"payload": {"data": {"E": 1773611018247, "m": false, "p": "72069.1", "ps": "BTCUSDT", "q": "0.0001", "s": "BTCUSDT"}, "stream": "btcusdt@trade"}, "timestamp": "2026-03-15T21:43:38.260793+00:00"}
{"payload": {"data": {"E": 1773611018247, "m": false, "p": "72068.1", "ps": "BTCUSDT", "q": "0.0001", "s": "BTCUSDT"}, "stream": "btcusdt@trade"}, "timestamp": "2026-03-15T21:43:38.261003+00:00"}
{"payload": {"data": {"E": 1773611018247, "m": false, "p": "72068", "ps": "BTCUSDT", "q": "0.0001", "s": "BTCUSDT"}, "stream": "btcusdt@trade"}, "timestamp": "2026-03-15T21:43:38.261209+00:00"}
{"payload": {"data": {"E": 1773611018247, "m": false, "p": "72068", "ps": "BTCUSDT", "q": "0.0002", "s": "BTCUSDT"}, "stream": "btcusdt@trade"}, "timestamp": "2026-03-15T21:43:38.261415+00:00"}
{"payload": {"data": {"E": 1773611018247, "m": false, "p": "72068", "ps": "BTCUSDT", "q": "0.0001", "s": "BTCUSDT"}, "stream": "btcusdt@trade"}, "timestamp": "2026-03-15T21:43:38.261621+00:00"}
{"payload": {"data": {"E": 1773611018247, "m": false, "p": "72067.1", "ps": "BTCUSDT", "q": "0.0001", "s": "BTCUSDT"}, "stream": "btcusdt@trade"}, "timestamp": "2026-03-15T21:43:38.261825+00:00"}
{"payload": {"data": {"E": 1773611018247, "m": false, "p": "72066.9", "ps": "BTCUSDT", "q": "0.0033", "s": "BTCUSDT"}, "stream": "btcusdt@trade"}, "timestamp": "2026-03-15T21:43:38.262028+00:00"}
{"payload": {"data": {"E": 1773611018268, "m": true, "p": "2139.72", "ps": "ETHUSDT", "q": "0.12", "s": "ETHUSDT"}, "stream": "ethusdt@trade"}, "timestamp": "2026-03-15T21:43:38.279363+00:00"}
{"payload": {"data": {"E": 1773611018268, "m": true, "p": "2139.72", "ps": "ETHUSDT", "q": "0.12", "s": "ETHUSDT"}, "stream": "ethusdt@trade"}, "timestamp": "2026-03-15T21:43:38.280047+00:00"}
{"payload": {"data": {"E": 1773611018268, "m": true, "p": "2139.72", "ps": "ETHUSDT", "q": "0.06", "s": "ETHUSDT"}, "stream": "ethusdt@trade"}, "timestamp": "2026-03-15T21:43:38.280398+00:00"}
{"payload": {"data": {"E": 1773611018268, "m": true, "p": "2139.72", "ps": "ETHUSDT", "q": "0.06", "s": "ETHUSDT"}, "stream": "ethusdt@trade"}, "timestamp": "2026-03-15T21:43:38.280641+00:00"}
{"payload": {"data": {"E": 1773611018268, "m": true, "p": "2139.72", "ps": "ETHUSDT", "q": "0.12", "s": "ETHUSDT"}, "stream": "ethusdt@trade"}, "timestamp": "2026-03-15T21:43:38.280860+00:00"}
{"payload": {"data": {"E": 1773611018268, "m": true, "p": "2139.72", "ps": "ETHUSDT", "q": "0.12", "s": "ETHUSDT"}, "stream": "ethusdt@trade"}, "timestamp": "2026-03-15T21:43:38.281072+00:00"}
{"payload": {"data": {"E": 1773611018274, "m": false, "p": "2140.15", "q": "0.0085", "s": "ETHUSDT"}, "stream": "ethusdt@trade"}, "timestamp": "2026-03-15T21:43:38.285109+00:00"}
{"payload": {"data": {"E": 1773611018298, "m": false, "p": "72109.32", "q": "0.000001", "s": "BTCUSDT"}, "stream": "btcusdt@trade"}, "timestamp": "2026-03-15T21:43:38.309592+00:00"}
{"payload": {"data": {"E": 1773611018298, "m": false, "p": "72109.32", "q": "0.000245", "s": "BTCUSDT"}, "stream": "btcusdt@trade"}, "timestamp": "2026-03-15T21:43:38.310009+00:00"}
{"payload": {"data": {"E": 1773611018301, "m": false, "p": "72109.32", "q": "0.000346", "s": "BTCUSDT"}, "stream": "btcusdt@trade"}, "timestamp": "2026-03-15T21:43:38.315149+00:00"}
{"payload": {"data": {"k": {"T": 1773619199999, "c": "2140.15", "h": "2144.43", "i": "4h", "l": "2110", "o": "2113.39", "q": "6228737.010394", "t": 1773604800000, "v": "2926.4889", "x": false}, "s": "ETHUSDT"}, "stream": "ethusdt@kline_4h"}, "timestamp": "2026-03-15T21:43:38.351187+00:00"}
{"payload": {"data": {"k": {"T": 1773611099999, "c": "2140.15", "h": "2140.21", "i": "5m", "l": "2135.61", "o": "2137.66", "q": "264911.988271", "t": 1773610800000, "v": "123.8827", "x": false}, "s": "ETHUSDT"}, "stream": "ethusdt@kline_5m"}, "timestamp": "2026-03-15T21:43:38.354813+00:00"}
{"payload": {"data": {"k": {"T": 1773611039999, "c": "2140.15", "h": "2140.15", "i": "1m", "l": "2137.61", "o": "2138.34", "q": "79362.066441", "t": 1773610980000, "v": "37.109", "x": false}, "s": "ETHUSDT"}, "stream": "ethusdt@kline_1m"}, "timestamp": "2026-03-15T21:43:38.358530+00:00"}
{"payload": {"data": {"k": {"T": 1773611999999, "c": "2140.15", "h": "2144.43", "i": "1h", "l": "2123.34", "o": "2129.01", "q": "2780534.206572", "t": 1773608400000, "v": "1303.2272", "x": false}, "s": "ETHUSDT"}, "stream": "ethusdt@kline_1h"}, "timestamp": "2026-03-15T21:43:38.364831+00:00"}
{"payload": {"data": {"A": "4.52", "B": "163.34", "E": 1773611018355, "a": "2139", "b": "2138.99", "ps": "ETHUSDT", "s": "ETHUSDT"}, "stream": "ethusdt@bookTicker"}, "timestamp": "2026-03-15T21:43:38.366214+00:00"}
{"payload": {"data": {"E": 1773611018355, "i": "2139.7916408060300495", "p": "2138.63", "r": "-0.000018", "s": "ETHUSDT"}, "stream": "ethusdt@markPrice"}, "timestamp": "2026-03-15T21:43:38.366619+00:00"}
{"payload": {"data": {"openInterest": "653619.83", "symbol": "ETHUSDT", "time": 1773611018355}, "stream": "ethusdt@openInterest"}, "timestamp": "2026-03-15T21:43:38.366899+00:00"}
{"payload": {"data": {"A": "0.3721", "B": "6.9343", "E": 1773611018355, "a": "72059.7", "b": "72059.6", "ps": "BTCUSDT", "s": "BTCUSDT"}, "stream": "btcusdt@bookTicker"}, "timestamp": "2026-03-15T21:43:38.367393+00:00"}
{"payload": {"data": {"E": 1773611018355, "i": "72090.7047600238831014", "p": "72046.5", "r": "-0.000026", "s": "BTCUSDT"}, "stream": "btcusdt@markPrice"}, "timestamp": "2026-03-15T21:43:38.367671+00:00"}
{"payload": {"data": {"openInterest": "27395.3774", "symbol": "BTCUSDT", "time": 1773611018355}, "stream": "btcusdt@openInterest"}, "timestamp": "2026-03-15T21:43:38.367894+00:00"}
{"payload": {"data": {"A": "1.3", "B": "187.5", "E": 1773611018356, "a": "89.759", "b": "89.758", "ps": "SOLUSDT", "s": "SOLUSDT"}, "stream": "solusdt@bookTicker"}, "timestamp": "2026-03-15T21:43:38.368327+00:00"}
{"payload": {"data": {"E": 1773611018356, "i": "89.7829113027077069", "p": "89.753", "r": "-0.000007", "s": "SOLUSDT"}, "stream": "solusdt@markPrice"}, "timestamp": "2026-03-15T21:43:38.368594+00:00"}
{"payload": {"data": {"openInterest": "3538300.9", "symbol": "SOLUSDT", "time": 1773611018356}, "stream": "solusdt@openInterest"}, "timestamp": "2026-03-15T21:43:38.368815+00:00"}
{"payload": {"data": {"E": 1773611018357, "m": false, "p": "2140.15", "q": "1.0877", "s": "ETHUSDT"}, "stream": "ethusdt@trade"}, "timestamp": "2026-03-15T21:43:38.369238+00:00"}
{"payload": {"data": {"A": "0.006934", "B": "0.21372", "E": 1773611018398, "a": "72099.28", "b": "72099.27", "s": "BTCUSDT"}, "stream": "btcusdt@bookTicker"}, "timestamp": "2026-03-15T21:43:38.410496+00:00"}
{"payload": {"data": {"A": "4.0002", "B": "5.155", "E": 1773611018399, "a": "2140.15", "b": "2140.14", "s": "ETHUSDT"}, "stream": "ethusdt@bookTicker"}, "timestamp": "2026-03-15T21:43:38.412723+00:00"}
{"payload": {"data": {"A": "10.3339", "B": "16.4092", "E": 1773611018404, "a": "89.8", "b": "89.79", "s": "SOLUSDT"}, "stream": "solusdt@bookTicker"}, "timestamp": "2026-03-15T21:43:38.416757+00:00"}
{"payload": {"data": {"E": 1773611018421, "m": true, "p": "72070.1", "ps": "BTCUSDT", "q": "0.0196", "s": "BTCUSDT"}, "stream": "btcusdt@trade"}, "timestamp": "2026-03-15T21:43:38.432309+00:00"}
{"payload": {"data": {"E": 1773611018421, "m": true, "p": "72070.1", "ps": "BTCUSDT", "q": "0.0004", "s": "BTCUSDT"}, "stream": "btcusdt@trade"}, "timestamp": "2026-03-15T21:43:38.432634+00:00"}
{"payload": {"data": {"E": 1773611018474, "m": true, "p": "2139.72", "ps": "ETHUSDT", "q": "0.02", "s": "ETHUSDT"}, "stream": "ethusdt@trade"}, "timestamp": "2026-03-15T21:43:38.485595+00:00"}
{"payload": {"data": {"E": 1773611018570, "m": true, "p": "2140.42", "q": "0.0243", "s": "ETHUSDT"}, "stream": "ethusdt@trade"}, "timestamp": "2026-03-15T21:43:38.582252+00:00"}
{"payload": {"data": {"E": 1773611018577, "m": false, "p": "72070.2", "ps": "BTCUSDT", "q": "0.0001", "s": "BTCUSDT"}, "stream": "btcusdt@trade"}, "timestamp": "2026-03-15T21:43:38.587769+00:00"}
{"payload": {"data": {"E": 1773611018577, "m": false, "p": "72070.3", "ps": "BTCUSDT", "q": "0.0001", "s": "BTCUSDT"}, "stream": "btcusdt@trade"}, "timestamp": "2026-03-15T21:43:38.588268+00:00"}
{"payload": {"data": {"E": 1773611018634, "m": true, "p": "89.8", "q": "1.39", "s": "SOLUSDT"}, "stream": "solusdt@trade"}, "timestamp": "2026-03-15T21:43:38.645545+00:00"}
{"payload": {"data": {"A": "3.6264", "B": "0.8182", "E": 1773611018698, "a": "2140.13", "b": "2140.12", "s": "ETHUSDT"}, "stream": "ethusdt@bookTicker"}, "timestamp": "2026-03-15T21:43:38.709616+00:00"}
{"payload": {"data": {"A": "1.3", "B": "116.3", "E": 1773611018701, "a": "89.759", "b": "89.758", "ps": "SOLUSDT", "s": "SOLUSDT"}, "stream": "solusdt@bookTicker"}, "timestamp": "2026-03-15T21:43:38.712459+00:00"}
{"payload": {"data": {"E": 1773611018701, "i": "89.7829113027077069", "p": "89.753", "r": "-0.000007", "s": "SOLUSDT"}, "stream": "solusdt@markPrice"}, "timestamp": "2026-03-15T21:43:38.712814+00:00"}
{"payload": {"data": {"openInterest": "3538300.9", "symbol": "SOLUSDT", "time": 1773611018701}, "stream": "solusdt@openInterest"}, "timestamp": "2026-03-15T21:43:38.713074+00:00"}
{"payload": {"data": {"A": "0.0301", "B": "10.4784", "E": 1773611018703, "a": "72071.2", "b": "72071.1", "ps": "BTCUSDT", "s": "BTCUSDT"}, "stream": "btcusdt@bookTicker"}, "timestamp": "2026-03-15T21:43:38.714711+00:00"}
{"payload": {"data": {"E": 1773611018703, "i": "72090.7047600238831014", "p": "72059.6", "r": "-0.000026", "s": "BTCUSDT"}, "stream": "btcusdt@markPrice"}, "timestamp": "2026-03-15T21:43:38.715105+00:00"}
{"payload": {"data": {"openInterest": "27395.3774", "symbol": "BTCUSDT", "time": 1773611018703}, "stream": "btcusdt@openInterest"}, "timestamp": "2026-03-15T21:43:38.715391+00:00"}
{"payload": {"data": {"A": "40.37", "B": "20.62", "E": 1773611018703, "a": "2139.73", "b": "2139.72", "ps": "ETHUSDT", "s": "ETHUSDT"}, "stream": "ethusdt@bookTicker"}, "timestamp": "2026-03-15T21:43:38.715892+00:00"}
{"payload": {"data": {"E": 1773611018703, "i": "2139.7916408060300495", "p": "2139", "r": "-0.000018", "s": "ETHUSDT"}, "stream": "ethusdt@markPrice"}, "timestamp": "2026-03-15T21:43:38.716172+00:00"}
{"payload": {"data": {"openInterest": "653619.83", "symbol": "ETHUSDT", "time": 1773611018703}, "stream": "ethusdt@openInterest"}, "timestamp": "2026-03-15T21:43:38.716424+00:00"}
{"payload": {"data": {"A": "267.6688", "B": "8.7345", "E": 1773611018702, "a": "89.81", "b": "89.8", "s": "SOLUSDT"}, "stream": "solusdt@bookTicker"}, "timestamp": "2026-03-15T21:43:38.721638+00:00"}
{"payload": {"data": {"A": "0.577664", "B": "0.12459", "E": 1773611018702, "a": "72111.96", "b": "72111.95", "s": "BTCUSDT"}, "stream": "btcusdt@bookTicker"}, "timestamp": "2026-03-15T21:43:38.724082+00:00"}
{"payload": {"data": {"E": 1773611018779, "m": false, "p": "2139.84", "ps": "ETHUSDT", "q": "0.05", "s": "ETHUSDT"}, "stream": "ethusdt@trade"}, "timestamp": "2026-03-15T21:43:38.790701+00:00"}
{"payload": {"data": {"E": 1773611018786, "m": true, "p": "89.758", "ps": "SOLUSDT", "q": "3.1", "s": "SOLUSDT"}, "stream": "solusdt@trade"}, "timestamp": "2026-03-15T21:43:38.799300+00:00"}
{"payload": {"data": {"k": {"T": 1773611099999, "c": "2139.84", "h": "2139.84", "i": "5m", "l": "2134.77", "o": "2136.84", "q": "4313290.6185", "t": 1773610800000, "v": "2018.16", "x": false}, "ps": "ETHUSDT", "s": "ETHUSDT"}, "stream": "ethusdt@kline_5m"}, "timestamp": "2026-03-15T21:43:38.861738+00:00"}
{"payload": {"data": {"A": "0.3737", "B": "2.7713", "E": 1773611018997, "a": "2140.43", "b": "2140.42", "s": "ETHUSDT"}, "stream": "ethusdt@bookTicker"}, "timestamp": "2026-03-15T21:43:39.008310+00:00"}
{"payload": {"data": {"A": "0.577664", "B": "0.12459", "E": 1773611018998, "a": "72111.96", "b": "72111.95", "s": "BTCUSDT"}, "stream": "btcusdt@bookTicker"}, "timestamp": "2026-03-15T21:43:39.009869+00:00"}
{"payload": {"data": {"A": "270.7801", "B": "7.3445", "E": 1773611018999, "a": "89.81", "b": "89.8", "s": "SOLUSDT"}, "stream": "solusdt@bookTicker"}, "timestamp": "2026-03-15T21:43:39.010600+00:00"}
{"payload": {"data": {"E": 1773611019051, "m": false, "p": "2139.85", "ps": "ETHUSDT", "q": "0.04", "s": "ETHUSDT"}, "stream": "ethusdt@trade"}, "timestamp": "2026-03-15T21:43:39.062679+00:00"}
{"payload": {"data": {"E": 1773611019051, "m": false, "p": "2139.85", "ps": "ETHUSDT", "q": "0.41", "s": "ETHUSDT"}, "stream": "ethusdt@trade"}, "timestamp": "2026-03-15T21:43:39.063262+00:00"}
{"payload": {"data": {"E": 1773611019051, "m": false, "p": "2139.85", "ps": "ETHUSDT", "q": "0.05", "s": "ETHUSDT"}, "stream": "ethusdt@trade"}, "timestamp": "2026-03-15T21:43:39.063537+00:00"}
{"payload": {"data": {"E": 1773611019055, "m": false, "p": "72071.2", "ps": "BTCUSDT", "q": "0.03", "s": "BTCUSDT"}, "stream": "btcusdt@trade"}, "timestamp": "2026-03-15T21:43:39.066052+00:00"}
{"payload": {"data": {"E": 1773611019055, "m": false, "p": "72074.9", "ps": "BTCUSDT", "q": "0.042", "s": "BTCUSDT"}, "stream": "btcusdt@trade"}, "timestamp": "2026-03-15T21:43:39.066872+00:00"}
{"payload": {"data": {"E": 1773611019055, "m": false, "p": "72074.9", "ps": "BTCUSDT", "q": "0.061", "s": "BTCUSDT"}, "stream": "btcusdt@trade"}, "timestamp": "2026-03-15T21:43:39.067160+00:00"}
{"payload": {"data": {"E": 1773611019055, "m": false, "p": "72074.7", "ps": "BTCUSDT", "q": "0.1", "s": "BTCUSDT"}, "stream": "btcusdt@trade"}, "timestamp": "2026-03-15T21:43:39.067385+00:00"}
{"payload": {"data": {"E": 1773611019055, "m": false, "p": "72074.1", "ps": "BTCUSDT", "q": "0.0001", "s": "BTCUSDT"}, "stream": "btcusdt@trade"}, "timestamp": "2026-03-15T21:43:39.067605+00:00"}
{"payload": {"data": {"E": 1773611019055, "m": false, "p": "72074", "ps": "BTCUSDT", "q": "0.0041", "s": "BTCUSDT"}, "stream": "btcusdt@trade"}, "timestamp": "2026-03-15T21:43:39.067818+00:00"}
{"payload": {"data": {"E": 1773611019055, "m": false, "p": "72073.6", "ps": "BTCUSDT", "q": "0.0054", "s": "BTCUSDT"}, "stream": "btcusdt@trade"}, "timestamp": "2026-03-15T21:43:39.068026+00:00"}
{"payload": {"data": {"E": 1773611019055, "m": false, "p": "72073.1", "ps": "BTCUSDT", "q": "0.0001", "s": "BTCUSDT"}, "stream": "btcusdt@trade"}, "timestamp": "2026-03-15T21:43:39.068228+00:00"}
{"payload": {"data": {"E": 1773611019055, "m": false, "p": "72072.7", "ps": "BTCUSDT", "q": "0.0011", "s": "BTCUSDT"}, "stream": "btcusdt@trade"}, "timestamp": "2026-03-15T21:43:39.068431+00:00"}
{"payload": {"data": {"E": 1773611019055, "m": false, "p": "72072.1", "ps": "BTCUSDT", "q": "0.0001", "s": "BTCUSDT"}, "stream": "btcusdt@trade"}, "timestamp": "2026-03-15T21:43:39.068635+00:00"}
{"payload": {"data": {"E": 1773611019055, "m": false, "p": "72071.3", "ps": "BTCUSDT", "q": "0.0001", "s": "BTCUSDT"}, "stream": "btcusdt@trade"}, "timestamp": "2026-03-15T21:43:39.068841+00:00"}
{"payload": {"data": {"E": 1773611019055, "m": false, "p": "72071.2", "ps": "BTCUSDT", "q": "0.0001", "s": "BTCUSDT"}, "stream": "btcusdt@trade"}, "timestamp": "2026-03-15T21:43:39.069041+00:00"}
{"payload": {"data": {"E": 1773611019078, "m": false, "p": "72074.9", "ps": "BTCUSDT", "q": "0.0001", "s": "BTCUSDT"}, "stream": "btcusdt@trade"}, "timestamp": "2026-03-15T21:43:39.089039+00:00"}
{"payload": {"data": {"A": "0.0697", "B": "5.4957", "E": 1773611019195, "a": "72074.9", "b": "72074.8", "ps": "BTCUSDT", "s": "BTCUSDT"}, "stream": "btcusdt@bookTicker"}, "timestamp": "2026-03-15T21:43:39.208532+00:00"}
{"payload": {"data": {"E": 1773611019195, "i": "72090.7047600238831014", "p": "72070.3", "r": "-0.000026", "s": "BTCUSDT"}, "stream": "btcusdt@markPrice"}, "timestamp": "2026-03-15T21:43:39.209036+00:00"}
{"payload": {"data": {"openInterest": "27395.3774", "symbol": "BTCUSDT", "time": 1773611019195}, "stream": "btcusdt@openInterest"}, "timestamp": "2026-03-15T21:43:39.209310+00:00"}
{"payload": {"data": {"A": "82.96", "B": "97.24", "E": 1773611019195, "a": "2139.85", "b": "2139.84", "ps": "ETHUSDT", "s": "ETHUSDT"}, "stream": "ethusdt@bookTicker"}, "timestamp": "2026-03-15T21:43:39.209602+00:00"}
{"payload": {"data": {"E": 1773611019195, "i": "2139.7916408060300495", "p": "2139", "r": "-0.000018", "s": "ETHUSDT"}, "stream": "ethusdt@markPrice"}, "timestamp": "2026-03-15T21:43:39.209836+00:00"}
{"payload": {"data": {"openInterest": "653619.83", "symbol": "ETHUSDT", "time": 1773611019195}, "stream": "ethusdt@openInterest"}, "timestamp": "2026-03-15T21:43:39.210051+00:00"}
{"payload": {"data": {"A": "8", "B": "96.5", "E": 1773611019196, "a": "89.759", "b": "89.758", "ps": "SOLUSDT", "s": "SOLUSDT"}, "stream": "solusdt@bookTicker"}, "timestamp": "2026-03-15T21:43:39.210308+00:00"}
{"payload": {"data": {"E": 1773611019196, "i": "89.7829113027077069", "p": "89.758", "r": "-0.000007", "s": "SOLUSDT"}, "stream": "solusdt@markPrice"}, "timestamp": "2026-03-15T21:43:39.210532+00:00"}
{"payload": {"data": {"openInterest": "3538300.9", "symbol": "SOLUSDT", "time": 1773611019196}, "stream": "solusdt@openInterest"}, "timestamp": "2026-03-15T21:43:39.210731+00:00"}
{"payload": {"data": {"E": 1773611019206, "m": false, "p": "72074.9", "ps": "BTCUSDT", "q": "0.0001", "s": "BTCUSDT"}, "stream": "btcusdt@trade"}, "timestamp": "2026-03-15T21:43:39.217307+00:00"}
{"payload": {"data": {"E": 1773611019206, "m": false, "p": "72075", "ps": "BTCUSDT", "q": "0.0001", "s": "BTCUSDT"}, "stream": "btcusdt@trade"}, "timestamp": "2026-03-15T21:43:39.217521+00:00"}
{"payload": {"data": {"k": {"T": 1773611099999, "c": "72075", "h": "72099.9", "i": "5m", "l": "71974.7", "o": "72049.8", "q": "20313693.9363", "t": 1773610800000, "v": "282.0067", "x": false}, "ps": "BTCUSDT", "s": "BTCUSDT"}, "stream": "btcusdt@kline_5m"}, "timestamp": "2026-03-15T21:43:39.232988+00:00"}
{"payload": {"data": {"E": 1773611019254, "m": false, "p": "72075.1", "ps": "BTCUSDT", "q": "0.0372", "s": "BTCUSDT"}, "stream": "btcusdt@trade"}, "timestamp": "2026-03-15T21:43:39.265337+00:00"}
{"payload": {"data": {"E": 1773611019254, "m": false, "p": "72075.1", "ps": "BTCUSDT", "q": "0.0001", "s": "BTCUSDT"}, "stream": "btcusdt@trade"}, "timestamp": "2026-03-15T21:43:39.265781+00:00"}
{"payload": {"data": {"E": 1773611019264, "m": false, "p": "72075.2", "ps": "BTCUSDT", "q": "0.0134", "s": "BTCUSDT"}, "stream": "btcusdt@trade"}, "timestamp": "2026-03-15T21:43:39.276632+00:00"}
{"payload": {"data": {"E": 1773611019264, "m": false, "p": "72075.2", "ps": "BTCUSDT", "q": "0.0001", "s": "BTCUSDT"}, "stream": "btcusdt@trade"}, "timestamp": "2026-03-15T21:43:39.276874+00:00"}
{"payload": {"data": {"E": 1773611019274, "m": false, "p": "72078.2", "ps": "BTCUSDT", "q": "0.0002", "s": "BTCUSDT"}, "stream": "btcusdt@trade"}, "timestamp": "2026-03-15T21:43:39.286610+00:00"}
{"payload": {"data": {"E": 1773611019274, "m": false, "p": "72078.2", "ps": "BTCUSDT", "q": "0.013", "s": "BTCUSDT"}, "stream": "btcusdt@trade"}, "timestamp": "2026-03-15T21:43:39.286903+00:00"}
{"payload": {"data": {"E": 1773611019294, "m": true, "p": "2140.42", "q": "0.0243", "s": "ETHUSDT"}, "stream": "ethusdt@trade"}, "timestamp": "2026-03-15T21:43:39.306136+00:00"}
{"payload": {"data": {"A": "0.3737", "B": "2.7713", "E": 1773611019295, "a": "2140.43", "b": "2140.42", "s": "ETHUSDT"}, "stream": "ethusdt@bookTicker"}, "timestamp": "2026-03-15T21:43:39.306769+00:00"}
{"payload": {"data": {"A": "0.03916", "B": "0.154312", "E": 1773611019297, "a": "72118.12", "b": "72118.11", "s": "BTCUSDT"}, "stream": "btcusdt@bookTicker"}, "timestamp": "2026-03-15T21:43:39.308156+00:00"}
{"payload": {"data": {"A": "269.7436", "B": "8.381", "E": 1773611019301, "a": "89.81", "b": "89.8", "s": "SOLUSDT"}, "stream": "solusdt@bookTicker"}, "timestamp": "2026-03-15T21:43:39.313254+00:00"}
{"payload": {"data": {"E": 1773611019337, "m": false, "p": "2139.85", "ps": "ETHUSDT", "q": "0.01", "s": "ETHUSDT"}, "stream": "ethusdt@trade"}, "timestamp": "2026-03-15T21:43:39.349156+00:00"}
{"payload": {"data": {"E": 1773611019344, "m": false, "p": "72118.12", "q": "0.020798", "s": "BTCUSDT"}, "stream": "btcusdt@trade"}, "timestamp": "2026-03-15T21:43:39.355306+00:00"}
{"payload": {"data": {"E": 1773611019344, "m": false, "p": "72118.12", "q": "0.006932", "s": "BTCUSDT"}, "stream": "btcusdt@trade"}, "timestamp": "2026-03-15T21:43:39.355688+00:00"}
{"payload": {"data": {"E": 1773611019343, "m": false, "p": "72080", "ps": "BTCUSDT", "q": "0.0575", "s": "BTCUSDT"}, "stream": "btcusdt@trade"}, "timestamp": "2026-03-15T21:43:39.355997+00:00"}
{"payload": {"data": {"E": 1773611019343, "m": false, "p": "72080", "ps": "BTCUSDT", "q": "0.05", "s": "BTCUSDT"}, "stream": "btcusdt@trade"}, "timestamp": "2026-03-15T21:43:39.356243+00:00"}
{"payload": {"data": {"E": 1773611019344, "m": false, "p": "2140.43", "q": "0.3737", "s": "ETHUSDT"}, "stream": "ethusdt@trade"}, "timestamp": "2026-03-15T21:43:39.356700+00:00"}
{"payload": {"data": {"E": 1773611019344, "m": false, "p": "72122.04", "q": "0.34733", "s": "BTCUSDT"}, "stream": "btcusdt@trade"}, "timestamp": "2026-03-15T21:43:39.356985+00:00"}
{"payload": {"data": {"k": {"T": 1773619199999, "c": "89.8", "h": "90.15", "i": "4h", "l": "87.99", "o": "88.19", "q": "2074779.339652", "t": 1773604800000, "v": "23252.0443", "x": false}, "s": "SOLUSDT"}, "stream": "solusdt@kline_4h"}, "timestamp": "2026-03-15T21:43:39.357257+00:00"}
{"payload": {"data": {"k": {"T": 1773611099999, "c": "89.8", "h": "89.92", "i": "5m", "l": "89.67", "o": "89.82", "q": "33920.118434", "t": 1773610800000, "v": "378.05", "x": false}, "s": "SOLUSDT"}, "stream": "solusdt@kline_5m"}, "timestamp": "2026-03-15T21:43:39.357713+00:00"}
{"payload": {"data": {"k": {"T": 1773611039999, "c": "89.8", "h": "89.8", "i": "1m", "l": "89.68", "o": "89.73", "q": "9426.47546", "t": 1773610980000, "v": "105.0933", "x": false}, "s": "SOLUSDT"}, "stream": "solusdt@kline_1m"}, "timestamp": "2026-03-15T21:43:39.358384+00:00"}
{"payload": {"data": {"E": 1773611019348, "m": false, "p": "72083.1", "ps": "BTCUSDT", "q": "0.0001", "s": "BTCUSDT"}, "stream": "btcusdt@trade"}, "timestamp": "2026-03-15T21:43:39.360961+00:00"}
{"payload": {"data": {"E": 1773611019348, "m": false, "p": "72082.1", "ps": "BTCUSDT", "q": "0.0001", "s": "BTCUSDT"}, "stream": "btcusdt@trade"}, "timestamp": "2026-03-15T21:43:39.361265+00:00"}
{"payload": {"data": {"E": 1773611019348, "m": false, "p": "72081.9", "ps": "BTCUSDT", "q": "0.0011", "s": "BTCUSDT"}, "stream": "btcusdt@trade"}, "timestamp": "2026-03-15T21:43:39.361502+00:00"}
{"payload": {"data": {"k": {"T": 1773611999999, "c": "89.8", "h": "90.15", "i": "1h", "l": "88.57", "o": "88.76", "q": "1540778.127479", "t": 1773608400000, "v": "17216.9486", "x": false}, "s": "SOLUSDT"}, "stream": "solusdt@kline_1h"}, "timestamp": "2026-03-15T21:43:39.365667+00:00"}
{"payload": {"data": {"E": 1773611019348, "m": false, "p": "72084.1", "ps": "BTCUSDT", "q": "0.0001", "s": "BTCUSDT"}, "stream": "btcusdt@trade"}, "timestamp": "2026-03-15T21:43:39.367489+00:00"}
{"payload": {"data": {"E": 1773611019348, "m": false, "p": "72085.1", "ps": "BTCUSDT", "q": "0.0001", "s": "BTCUSDT"}, "stream": "btcusdt@trade"}, "timestamp": "2026-03-15T21:43:39.367788+00:00"}
{"payload": {"data": {"E": 1773611019352, "m": true, "p": "2139.84", "ps": "ETHUSDT", "q": "3.35", "s": "ETHUSDT"}, "stream": "ethusdt@trade"}, "timestamp": "2026-03-15T21:43:39.368051+00:00"}
{"payload": {"data": {"E": 1773611019352, "m": true, "p": "2139.84", "ps": "ETHUSDT", "q": "3.37", "s": "ETHUSDT"}, "stream": "ethusdt@trade"}, "timestamp": "2026-03-15T21:43:39.368303+00:00"}
{"payload": {"data": {"E": 1773611019352, "m": true, "p": "2139.83", "ps": "ETHUSDT", "q": "3.56", "s": "ETHUSDT"}, "stream": "ethusdt@trade"}, "timestamp": "2026-03-15T21:43:39.368583+00:00"}
{"payload": {"data": {"E": 1773611019352, "m": true, "p": "2139.84", "ps": "ETHUSDT", "q": "18.83", "s": "ETHUSDT"}, "stream": "ethusdt@trade"}, "timestamp": "2026-03-15T21:43:39.368795+00:00"}
{"payload": {"data": {"E": 1773611019352, "m": true, "p": "2139.84", "ps": "ETHUSDT", "q": "87.65", "s": "ETHUSDT"}, "stream": "ethusdt@trade"}, "timestamp": "2026-03-15T21:43:39.369004+00:00"}
{"payload": {"data": {"E": 1773611019352, "m": true, "p": "2139.84", "ps": "ETHUSDT", "q": "1.6", "s": "ETHUSDT"}, "stream": "ethusdt@trade"}, "timestamp": "2026-03-15T21:43:39.369210+00:00"}
{"payload": {"data": {"E": 1773611019352, "m": true, "p": "2139.84", "ps": "ETHUSDT", "q": "1.27", "s": "ETHUSDT"}, "stream": "ethusdt@trade"}, "timestamp": "2026-03-15T21:43:39.369417+00:00"}
{"payload": {"data": {"E": 1773611019357, "m": true, "p": "2139.62", "ps": "ETHUSDT", "q": "0.01", "s": "ETHUSDT"}, "stream": "ethusdt@trade"}, "timestamp": "2026-03-15T21:43:39.369816+00:00"}
{"payload": {"data": {"E": 1773611019357, "m": true, "p": "2139.62", "ps": "ETHUSDT", "q": "0.04", "s": "ETHUSDT"}, "stream": "ethusdt@trade"}, "timestamp": "2026-03-15T21:43:39.370052+00:00"}
{"payload": {"data": {"E": 1773611019356, "m": true, "p": "2140.7", "q": "0.8611", "s": "ETHUSDT"}, "stream": "ethusdt@trade"}, "timestamp": "2026-03-15T21:43:39.373793+00:00"}
{"payload": {"data": {"k": {"T": 1773619199999, "c": "2140.42", "h": "2144.43", "i": "4h", "l": "2110", "o": "2113.39", "q": "6231168.875961", "t": 1773604800000, "v": "2927.6252", "x": false}, "s": "ETHUSDT"}, "stream": "ethusdt@kline_4h"}, "timestamp": "2026-03-15T21:43:39.381024+00:00"}
{"payload": {"data": {"k": {"T": 1773611099999, "c": "2140.42", "h": "2140.42", "i": "5m", "l": "2135.61", "o": "2137.66", "q": "267343.853838", "t": 1773610800000, "v": "125.019", "x": false}, "s": "ETHUSDT"}, "stream": "ethusdt@kline_5m"}, "timestamp": "2026-03-15T21:43:39.384326+00:00"}
{"payload": {"data": {"k": {"T": 1773611039999, "c": "2140.42", "h": "2140.42", "i": "1m", "l": "2137.61", "o": "2138.34", "q": "81793.932008", "t": 1773610980000, "v": "38.2453", "x": false}, "s": "ETHUSDT"}, "stream": "ethusdt@kline_1m"}, "timestamp": "2026-03-15T21:43:39.386244+00:00"}
{"payload": {"data": {"k": {"T": 1773611999999, "c": "2140.42", "h": "2144.43", "i": "1h", "l": "2123.34", "o": "2129.01", "q": "2782966.072139", "t": 1773608400000, "v": "1304.3635", "x": false}, "s": "ETHUSDT"}, "stream": "ethusdt@kline_1h"}, "timestamp": "2026-03-15T21:43:39.396287+00:00"}
{"payload": {"data": {"k": {"T": 1773619199999, "c": "72122.04", "h": "72217.47", "i": "4h", "l": "71429.07", "o": "71553.27", "q": "5882181.42325983", "t": 1773604800000, "v": "81.930872", "x": false}, "s": "BTCUSDT"}, "stream": "btcusdt@kline_4h"}, "timestamp": "2026-03-15T21:43:39.417643+00:00"}
{"payload": {"data": {"k": {"T": 1773611099999, "c": "72122.04", "h": "72134.46", "i": "5m", "l": "72014.29", "o": "72086.35", "q": "497083.74988068", "t": 1773610800000, "v": "6.897038", "x": false}, "s": "BTCUSDT"}, "stream": "btcusdt@kline_5m"}, "timestamp": "2026-03-15T21:43:39.418357+00:00"}
{"payload": {"data": {"k": {"T": 1773611039999, "c": "72122.04", "h": "72122.04", "i": "1m", "l": "72014.29", "o": "72044", "q": "98326.41654742", "t": 1773610980000, "v": "1.364347", "x": false}, "s": "BTCUSDT"}, "stream": "btcusdt@kline_1m"}, "timestamp": "2026-03-15T21:43:39.423489+00:00"}
{"payload": {"data": {"k": {"T": 1773611999999, "c": "72122.04", "h": "72217.47", "i": "1h", "l": "71625.28", "o": "71727", "q": "2569335.691523", "t": 1773608400000, "v": "35.712083", "x": false}, "s": "BTCUSDT"}, "stream": "btcusdt@kline_1h"}, "timestamp": "2026-03-15T21:43:39.427876+00:00"}
{"payload": {"data": {"k": {"T": 1773611099999, "c": "89.758", "h": "89.893", "i": "5m", "l": "89.623", "o": "89.755", "q": "1541319.6873", "t": 1773610800000, "v": "17180.8", "x": false}, "ps": "SOLUSDT", "s": "SOLUSDT"}, "stream": "solusdt@kline_5m"}, "timestamp": "2026-03-15T21:43:39.456995+00:00"}
{"payload": {"data": {"E": 1773611019467, "m": true, "p": "72127.58", "q": "0.00069", "s": "BTCUSDT"}, "stream": "btcusdt@trade"}, "timestamp": "2026-03-15T21:43:39.478890+00:00"}
{"payload": {"data": {"E": 1773611019467, "m": true, "p": "72127.58", "q": "0.00069", "s": "BTCUSDT"}, "stream": "btcusdt@trade"}, "timestamp": "2026-03-15T21:43:39.479202+00:00"}
{"payload": {"data": {"A": "0.0697", "B": "5.4957", "E": 1773611019562, "a": "72074.9", "b": "72074.8", "ps": "BTCUSDT", "s": "BTCUSDT"}, "stream": "btcusdt@bookTicker"}, "timestamp": "2026-03-15T21:43:39.572684+00:00"}
{"payload": {"data": {"E": 1773611019562, "i": "72100.807150633443685", "p": "72070.3", "r": "-0.000026", "s": "BTCUSDT"}, "stream": "btcusdt@markPrice"}, "timestamp": "2026-03-15T21:43:39.573024+00:00"}
{"payload": {"data": {"openInterest": "27395.3774", "symbol": "BTCUSDT", "time": 1773611019562}, "stream": "btcusdt@openInterest"}, "timestamp": "2026-03-15T21:43:39.573235+00:00"}
{"payload": {"data": {"A": "82.96", "B": "97.24", "E": 1773611019562, "a": "2139.85", "b": "2139.84", "ps": "ETHUSDT", "s": "ETHUSDT"}, "stream": "ethusdt@bookTicker"}, "timestamp": "2026-03-15T21:43:39.573457+00:00"}
{"payload": {"data": {"E": 1773611019562, "i": "2140.3749544435713757", "p": "2139", "r": "-0.000018", "s": "ETHUSDT"}, "stream": "ethusdt@markPrice"}, "timestamp": "2026-03-15T21:43:39.573604+00:00"}
{"payload": {"data": {"openInterest": "653619.83", "symbol": "ETHUSDT", "time": 1773611019562}, "stream": "ethusdt@openInterest"}, "timestamp": "2026-03-15T21:43:39.573760+00:00"}
{"payload": {"data": {"A": "8", "B": "96.5", "E": 1773611019563, "a": "89.759", "b": "89.758", "ps": "SOLUSDT", "s": "SOLUSDT"}, "stream": "solusdt@bookTicker"}, "timestamp": "2026-03-15T21:43:39.574104+00:00"}
{"payload": {"data": {"E": 1773611019563, "i": "89.7904290820011028", "p": "89.758", "r": "-0.000007", "s": "SOLUSDT"}, "stream": "solusdt@markPrice"}, "timestamp": "2026-03-15T21:43:39.574316+00:00"}
{"payload": {"data": {"openInterest": "3538300.9", "symbol": "SOLUSDT", "time": 1773611019563}, "stream": "solusdt@openInterest"}, "timestamp": "2026-03-15T21:43:39.574462+00:00"}
{"payload": {"data": {"A": "3.6634", "B": "0.7006", "E": 1773611019606, "a": "2140.71", "b": "2140.7", "s": "ETHUSDT"}, "stream": "ethusdt@bookTicker"}, "timestamp": "2026-03-15T21:43:39.618547+00:00"}
{"payload": {"data": {"A": "0.577663", "B": "0.074741", "E": 1773611019606, "a": "72127.59", "b": "72127.58", "s": "BTCUSDT"}, "stream": "btcusdt@bookTicker"}, "timestamp": "2026-03-15T21:43:39.618915+00:00"}
{"payload": {"data": {"A": "11.7098", "B": "8.381", "E": 1773611019609, "a": "89.81", "b": "89.8", "s": "SOLUSDT"}, "stream": "solusdt@bookTicker"}, "timestamp": "2026-03-15T21:43:39.622361+00:00"}
{"payload": {"data": {"E": 1773611019625, "m": false, "p": "89.763", "ps": "SOLUSDT", "q": "1.1", "s": "SOLUSDT"}, "stream": "solusdt@trade"}, "timestamp": "2026-03-15T21:43:39.635922+00:00"}
{"payload": {"data": {"E": 1773611019625, "m": false, "p": "89.759", "ps": "SOLUSDT", "q": "1.3", "s": "SOLUSDT"}, "stream": "solusdt@trade"}, "timestamp": "2026-03-15T21:43:39.636278+00:00"}
{"payload": {"data": {"E": 1773611019625, "m": false, "p": "89.772", "ps": "SOLUSDT", "q": "203.9", "s": "SOLUSDT"}, "stream": "solusdt@trade"}, "timestamp": "2026-03-15T21:43:39.636780+00:00"}
{"payload": {"data": {"E": 1773611019625, "m": false, "p": "89.772", "ps": "SOLUSDT", "q": "79.2", "s": "SOLUSDT"}, "stream": "solusdt@trade"}, "timestamp": "2026-03-15T21:43:39.637036+00:00"}
{"payload": {"data": {"E": 1773611019625, "m": false, "p": "89.772", "ps": "SOLUSDT", "q": "1.5", "s": "SOLUSDT"}, "stream": "solusdt@trade"}, "timestamp": "2026-03-15T21:43:39.637259+00:00"}
{"payload": {"data": {"E": 1773611019625, "m": false, "p": "89.771", "ps": "SOLUSDT", "q": "24.1", "s": "SOLUSDT"}, "stream": "solusdt@trade"}, "timestamp": "2026-03-15T21:43:39.637485+00:00"}
{"payload": {"data": {"E": 1773611019625, "m": false, "p": "89.768", "ps": "SOLUSDT", "q": "1.5", "s": "SOLUSDT"}, "stream": "solusdt@trade"}, "timestamp": "2026-03-15T21:43:39.637700+00:00"}
{"payload": {"data": {"E": 1773611019625, "m": false, "p": "89.768", "ps": "SOLUSDT", "q": "30.8", "s": "SOLUSDT"}, "stream": "solusdt@trade"}, "timestamp": "2026-03-15T21:43:39.637910+00:00"}
{"payload": {"data": {"E": 1773611019625, "m": false, "p": "89.766", "ps": "SOLUSDT", "q": "0.1", "s": "SOLUSDT"}, "stream": "solusdt@trade"}, "timestamp": "2026-03-15T21:43:39.638116+00:00"}
{"payload": {"data": {"E": 1773611019625, "m": false, "p": "89.764", "ps": "SOLUSDT", "q": "1.5", "s": "SOLUSDT"}, "stream": "solusdt@trade"}, "timestamp": "2026-03-15T21:43:39.638324+00:00"}
{"payload": {"data": {"E": 1773611019635, "m": true, "p": "89.771", "ps": "SOLUSDT", "q": "2.2", "s": "SOLUSDT"}, "stream": "solusdt@trade"}, "timestamp": "2026-03-15T21:43:39.647889+00:00"}
{"payload": {"data": {"E": 1773611019682, "m": false, "p": "72090.5", "ps": "BTCUSDT", "q": "0.0337", "s": "BTCUSDT"}, "stream": "btcusdt@trade"}, "timestamp": "2026-03-15T21:43:39.694265+00:00"}
{"payload": {"data": {"E": 1773611019682, "m": false, "p": "72090.1", "ps": "BTCUSDT", "q": "0.0001", "s": "BTCUSDT"}, "stream": "btcusdt@trade"}, "timestamp": "2026-03-15T21:43:39.694580+00:00"}
{"payload": {"data": {"E": 1773611019682, "m": false, "p": "72089.1", "ps": "BTCUSDT", "q": "0.0001", "s": "BTCUSDT"}, "stream": "btcusdt@trade"}, "timestamp": "2026-03-15T21:43:39.694698+00:00"}
{"payload": {"data": {"E": 1773611019682, "m": false, "p": "72089", "ps": "BTCUSDT", "q": "0.0001", "s": "BTCUSDT"}, "stream": "btcusdt@trade"}, "timestamp": "2026-03-15T21:43:39.694792+00:00"}
{"payload": {"data": {"E": 1773611019682, "m": false, "p": "72088.1", "ps": "BTCUSDT", "q": "0.0001", "s": "BTCUSDT"}, "stream": "btcusdt@trade"}, "timestamp": "2026-03-15T21:43:39.694879+00:00"}
{"payload": {"data": {"E": 1773611019682, "m": false, "p": "72087.4", "ps": "BTCUSDT", "q": "0.0006", "s": "BTCUSDT"}, "stream": "btcusdt@trade"}, "timestamp": "2026-03-15T21:43:39.694965+00:00"}
{"payload": {"data": {"E": 1773611019682, "m": false, "p": "72087.1", "ps": "BTCUSDT", "q": "0.0001", "s": "BTCUSDT"}, "stream": "btcusdt@trade"}, "timestamp": "2026-03-15T21:43:39.695171+00:00"}
{"payload": {"data": {"E": 1773611019682, "m": false, "p": "72086.9", "ps": "BTCUSDT", "q": "0.0002", "s": "BTCUSDT"}, "stream": "btcusdt@trade"}, "timestamp": "2026-03-15T21:43:39.695413+00:00"}
{"payload": {"data": {"E": 1773611019682, "m": false, "p": "72085.3", "ps": "BTCUSDT", "q": "0.0001", "s": "BTCUSDT"}, "stream": "btcusdt@trade"}, "timestamp": "2026-03-15T21:43:39.695625+00:00"}
{"payload": {"data": {"E": 1773611019682, "m": false, "p": "72085.2", "ps": "BTCUSDT", "q": "0.0001", "s": "BTCUSDT"}, "stream": "btcusdt@trade"}, "timestamp": "2026-03-15T21:43:39.695839+00:00"}
{"payload": {"data": {"E": 1773611019688, "m": false, "p": "72090.5", "ps": "BTCUSDT", "q": "0.0015", "s": "BTCUSDT"}, "stream": "btcusdt@trade"}, "timestamp": "2026-03-15T21:43:39.699966+00:00"}
{"payload": {"data": {"E": 1773611019805, "m": true, "p": "89.763", "ps": "SOLUSDT", "q": "1.7", "s": "SOLUSDT"}, "stream": "solusdt@trade"}, "timestamp": "2026-03-15T21:43:39.818021+00:00"}
{"payload": {"data": {"E": 1773611019816, "m": true, "p": "72090.4", "ps": "BTCUSDT", "q": "0.01", "s": "BTCUSDT"}, "stream": "btcusdt@trade"}, "timestamp": "2026-03-15T21:43:39.827278+00:00"}
{"payload": {"data": {"E": 1773611019843, "m": true, "p": "72090.4", "ps": "BTCUSDT", "q": "0.0013", "s": "BTCUSDT"}, "stream": "btcusdt@trade"}, "timestamp": "2026-03-15T21:43:39.855373+00:00"}
{"payload": {"data": {"A": "9.71", "B": "38.71", "E": 1773611019893, "a": "2139.8", "b": "2139.79", "ps": "ETHUSDT", "s": "ETHUSDT"}, "stream": "ethusdt@bookTicker"}, "timestamp": "2026-03-15T21:43:39.904712+00:00"}
{"payload": {"data": {"E": 1773611019893, "i": "2140.3749544435713757", "p": "2139.85", "r": "-0.000018", "s": "ETHUSDT"}, "stream": "ethusdt@markPrice"}, "timestamp": "2026-03-15T21:43:39.905236+00:00"}
{"payload": {"data": {"openInterest": "653619.83", "symbol": "ETHUSDT", "time": 1773611019893}, "stream": "ethusdt@openInterest"}, "timestamp": "2026-03-15T21:43:39.905532+00:00"}
{"payload": {"data": {"A": "0.0001", "B": "7.4898", "E": 1773611019894, "a": "72085.2", "b": "72085.1", "ps": "BTCUSDT", "s": "BTCUSDT"}, "stream": "btcusdt@bookTicker"}, "timestamp": "2026-03-15T21:43:39.906075+00:00"}
{"payload": {"data": {"E": 1773611019894, "i": "72100.807150633443685", "p": "72070.3", "r": "-0.000026", "s": "BTCUSDT"}, "stream": "btcusdt@markPrice"}, "timestamp": "2026-03-15T21:43:39.906374+00:00"}
{"payload": {"data": {"openInterest": "27395.3774", "symbol": "BTCUSDT", "time": 1773611019894}, "stream": "btcusdt@openInterest"}, "timestamp": "2026-03-15T21:43:39.906605+00:00"}
{"payload": {"data": {"A": "1.3", "B": "201.6", "E": 1773611019896, "a": "89.759", "b": "89.758", "ps": "SOLUSDT", "s": "SOLUSDT"}, "stream": "solusdt@bookTicker"}, "timestamp": "2026-03-15T21:43:39.907054+00:00"}
{"payload": {"data": {"E": 1773611019896, "i": "89.7904290820011028", "p": "89.758", "r": "-0.000007", "s": "SOLUSDT"}, "stream": "solusdt@markPrice"}, "timestamp": "2026-03-15T21:43:39.907302+00:00"}
{"payload": {"data": {"openInterest": "3538300.9", "symbol": "SOLUSDT", "time": 1773611019896}, "stream": "solusdt@openInterest"}, "timestamp": "2026-03-15T21:43:39.907516+00:00"}
{"payload": {"data": {"A": "3.6634", "B": "0.7006", "E": 1773611019918, "a": "2140.71", "b": "2140.7", "s": "ETHUSDT"}, "stream": "ethusdt@bookTicker"}, "timestamp": "2026-03-15T21:43:39.929939+00:00"}
{"payload": {"data": {"A": "0.580385", "B": "0.018362", "E": 1773611019920, "a": "72127.59", "b": "72127.58", "s": "BTCUSDT"}, "stream": "btcusdt@bookTicker"}, "timestamp": "2026-03-15T21:43:39.932064+00:00"}
{"payload": {"data": {"A": "11.7098", "B": "8.381", "E": 1773611019922, "a": "89.81", "b": "89.8", "s": "SOLUSDT"}, "stream": "solusdt@bookTicker"}, "timestamp": "2026-03-15T21:43:39.936585+00:00"}
{"payload": {"data": {"E": 1773611019941, "m": false, "p": "72090.5", "ps": "BTCUSDT", "q": "0.0001", "s": "BTCUSDT"}, "stream": "btcusdt@trade"}, "timestamp": "2026-03-15T21:43:39.952908+00:00"}
{"payload": {"data": {"E": 1773611019941, "m": false, "p": "72090.5", "ps": "BTCUSDT", "q": "0.0001", "s": "BTCUSDT"}, "stream": "btcusdt@trade"}, "timestamp": "2026-03-15T21:43:39.953412+00:00"}
{"payload": {"data": {"E": 1773611019941, "m": false, "p": "72090.5", "ps": "BTCUSDT", "q": "0.0001", "s": "BTCUSDT"}, "stream": "btcusdt@trade"}, "timestamp": "2026-03-15T21:43:39.953767+00:00"}
{"payload": {"data": {"E": 1773611019941, "m": false, "p": "72090.5", "ps": "BTCUSDT", "q": "0.0001", "s": "BTCUSDT"}, "stream": "btcusdt@trade"}, "timestamp": "2026-03-15T21:43:39.954016+00:00"}
{"payload": {"data": {"E": 1773611019941, "m": false, "p": "72090.5", "ps": "BTCUSDT", "q": "0.0001", "s": "BTCUSDT"}, "stream": "btcusdt@trade"}, "timestamp": "2026-03-15T21:43:39.954238+00:00"}
{"payload": {"data": {"E": 1773611019999, "m": true, "p": "2140.7", "q": "0.0243", "s": "ETHUSDT"}, "stream": "ethusdt@trade"}, "timestamp": "2026-03-15T21:43:40.010113+00:00"}
{"payload": {"data": {"E": 1773611020037, "m": false, "p": "72090.5", "ps": "BTCUSDT", "q": "0.0086", "s": "BTCUSDT"}, "stream": "btcusdt@trade"}, "timestamp": "2026-03-15T21:43:40.049592+00:00"}
{"payload": {"data": {"E": 1773611020037, "m": false, "p": "72090.5", "ps": "BTCUSDT", "q": "0.0001", "s": "BTCUSDT"}, "stream": "btcusdt@trade"}, "timestamp": "2026-03-15T21:43:40.050091+00:00"}
{"payload": {"data": {"E": 1773611020037, "m": false, "p": "72094.1", "ps": "BTCUSDT", "q": "0.0001", "s": "BTCUSDT"}, "stream": "btcusdt@trade"}, "timestamp": "2026-03-15T21:43:40.050429+00:00"}
{"payload": {"data": {"E": 1773611020037, "m": false, "p": "72093.1", "ps": "BTCUSDT", "q": "0.0001", "s": "BTCUSDT"}, "stream": "btcusdt@trade"}, "timestamp": "2026-03-15T21:43:40.050683+00:00"}
{"payload": {"data": {"E": 1773611020037, "m": false, "p": "72090.6", "ps": "BTCUSDT", "q": "0.0001", "s": "BTCUSDT"}, "stream": "btcusdt@trade"}, "timestamp": "2026-03-15T21:43:40.050800+00:00"}
{"payload": {"data": {"E": 1773611020092, "m": true, "p": "2140.7", "q": "0.001", "s": "ETHUSDT"}, "stream": "ethusdt@trade"}, "timestamp": "2026-03-15T21:43:40.103316+00:00"}
{"payload": {"data": {"k": {"T": 1773611099999, "c": "2139.62", "h": "2139.85", "i": "5m", "l": "2134.77", "o": "2136.84", "q": "4570477.9466", "t": 1773610800000, "v": "2138.35", "x": false}, "ps": "ETHUSDT", "s": "ETHUSDT"}, "stream": "ethusdt@kline_5m"}, "timestamp": "2026-03-15T21:43:40.174473+00:00"}
{"payload": {"data": {"A": "0.580385", "B": "0.018362", "E": 1773611020206, "a": "72127.59", "b": "72127.58", "s": "BTCUSDT"}, "stream": "btcusdt@bookTicker"}, "timestamp": "2026-03-15T21:43:40.217763+00:00"}
{"payload": {"data": {"A": "3.6634", "B": "0.7006", "E": 1773611020206, "a": "2140.71", "b": "2140.7", "s": "ETHUSDT"}, "stream": "ethusdt@bookTicker"}, "timestamp": "2026-03-15T21:43:40.218193+00:00"}
{"payload": {"data": {"A": "11.7098", "B": "7.3445", "E": 1773611020208, "a": "89.81", "b": "89.8", "s": "SOLUSDT"}, "stream": "solusdt@bookTicker"}, "timestamp": "2026-03-15T21:43:40.220027+00:00"}
{"payload": {"data": {"E": 1773611020214, "m": true, "p": "89.763", "ps": "SOLUSDT", "q": "9.1", "s": "SOLUSDT"}, "stream": "solusdt@trade"}, "timestamp": "2026-03-15T21:43:40.225450+00:00"}
{"payload": {"data": {"E": 1773611020214, "m": true, "p": "89.763", "ps": "SOLUSDT", "q": "0.5", "s": "SOLUSDT"}, "stream": "solusdt@trade"}, "timestamp": "2026-03-15T21:43:40.226105+00:00"}
{"payload": {"data": {"E": 1773611020214, "m": true, "p": "89.763", "ps": "SOLUSDT", "q": "3.3", "s": "SOLUSDT"}, "stream": "solusdt@trade"}, "timestamp": "2026-03-15T21:43:40.226277+00:00"}
{"payload": {"data": {"E": 1773611020214, "m": true, "p": "89.763", "ps": "SOLUSDT", "q": "3.6", "s": "SOLUSDT"}, "stream": "solusdt@trade"}, "timestamp": "2026-03-15T21:43:40.226387+00:00"}
{"payload": {"data": {"E": 1773611020289, "m": true, "p": "72094.3", "ps": "BTCUSDT", "q": "0.0013", "s": "BTCUSDT"}, "stream": "btcusdt@trade"}, "timestamp": "2026-03-15T21:43:40.299653+00:00"}
{"payload": {"data": {"A": "9.71", "B": "60.81", "E": 1773611020317, "a": "2139.85", "b": "2139.84", "ps": "ETHUSDT", "s": "ETHUSDT"}, "stream": "ethusdt@bookTicker"}, "timestamp": "2026-03-15T21:43:40.327837+00:00"}
{"payload": {"data": {"E": 1773611020317, "i": "2140.3749544435713757", "p": "2139.62", "r": "-0.000018", "s": "ETHUSDT"}, "stream": "ethusdt@markPrice"}, "timestamp": "2026-03-15T21:43:40.328369+00:00"}
{"payload": {"data": {"openInterest": "653619.83", "symbol": "ETHUSDT", "time": 1773611020317}, "stream": "ethusdt@openInterest"}, "timestamp": "2026-03-15T21:43:40.328505+00:00"}
{"payload": {"data": {"A": "2.3402", "B": "6.5106", "E": 1773611020317, "a": "72094.4", "b": "72094.3", "ps": "BTCUSDT", "s": "BTCUSDT"}, "stream": "btcusdt@bookTicker"}, "timestamp": "2026-03-15T21:43:40.328754+00:00"}
{"payload": {"data": {"E": 1773611020317, "i": "72102.4399409336348483", "p": "72094.1", "r": "-0.000026", "s": "BTCUSDT"}, "stream": "btcusdt@markPrice"}, "timestamp": "2026-03-15T21:43:40.328875+00:00"}
{"payload": {"data": {"openInterest": "27395.3774", "symbol": "BTCUSDT", "time": 1773611020317}, "stream": "btcusdt@openInterest"}, "timestamp": "2026-03-15T21:43:40.328970+00:00"}
{"payload": {"data": {"A": "6.8", "B": "29.1", "E": 1773611020317, "a": "89.764", "b": "89.763", "ps": "SOLUSDT", "s": "SOLUSDT"}, "stream": "solusdt@bookTicker"}, "timestamp": "2026-03-15T21:43:40.329074+00:00"}
{"payload": {"data": {"E": 1773611020317, "i": "89.7886279139823747", "p": "89.763", "r": "-0.000007", "s": "SOLUSDT"}, "stream": "solusdt@markPrice"}, "timestamp": "2026-03-15T21:43:40.329162+00:00"}
{"payload": {"data": {"openInterest": "3538300.9", "symbol": "SOLUSDT", "time": 1773611020317}, "stream": "solusdt@openInterest"}, "timestamp": "2026-03-15T21:43:40.329250+00:00"}
{"payload": {"data": {"E": 1773611020364, "m": true, "p": "72094.3", "ps": "BTCUSDT", "q": "0.3691", "s": "BTCUSDT"}, "stream": "btcusdt@trade"}, "timestamp": "2026-03-15T21:43:40.376096+00:00"}
{"payload": {"data": {"E": 1773611020364, "m": true, "p": "72094.3", "ps": "BTCUSDT", "q": "0.424", "s": "BTCUSDT"}, "stream": "btcusdt@trade"}, "timestamp": "2026-03-15T21:43:40.376946+00:00"}
{"payload": {"data": {"k": {"T": 1773611099999, "c": "72094.3", "h": "72099.9", "i": "5m", "l": "71974.7", "o": "72049.8", "q": "20330402.4298", "t": 1773610800000, "v": "282.2385", "x": false}, "ps": "BTCUSDT", "s": "BTCUSDT"}, "stream": "btcusdt@kline_5m"}, "timestamp": "2026-03-15T21:43:40.377583+00:00"}
{"payload": {"data": {"E": 1773611020413, "m": true, "p": "2139.84", "ps": "ETHUSDT", "q": "0.42", "s": "ETHUSDT"}, "stream": "ethusdt@trade"}, "timestamp": "2026-03-15T21:43:40.424489+00:00"}
{"payload": {"data": {"E": 1773611020413, "m": true, "p": "2139.84", "ps": "ETHUSDT", "q": "7.69", "s": "ETHUSDT"}, "stream": "ethusdt@trade"}, "timestamp": "2026-03-15T21:43:40.424679+00:00"}
{"payload": {"data": {"E": 1773611020413, "m": true, "p": "2139.84", "ps": "ETHUSDT", "q": "0.44", "s": "ETHUSDT"}, "stream": "ethusdt@trade"}, "timestamp": "2026-03-15T21:43:40.424782+00:00"}
{"payload": {"data": {"E": 1773611020413, "m": true, "p": "2139.84", "ps": "ETHUSDT", "q": "0.14", "s": "ETHUSDT"}, "stream": "ethusdt@trade"}, "timestamp": "2026-03-15T21:43:40.425160+00:00"}
{"payload": {"data": {"E": 1773611020413, "m": true, "p": "2139.84", "ps": "ETHUSDT", "q": "3.35", "s": "ETHUSDT"}, "stream": "ethusdt@trade"}, "timestamp": "2026-03-15T21:43:40.425443+00:00"}
{"payload": {"data": {"E": 1773611020413, "m": true, "p": "2139.84", "ps": "ETHUSDT", "q": "3.35", "s": "ETHUSDT"}, "stream": "ethusdt@trade"}, "timestamp": "2026-03-15T21:43:40.425558+00:00"}
{"payload": {"data": {"E": 1773611020413, "m": true, "p": "2139.84", "ps": "ETHUSDT", "q": "3.35", "s": "ETHUSDT"}, "stream": "ethusdt@trade"}, "timestamp": "2026-03-15T21:43:40.425657+00:00"}
{"payload": {"data": {"E": 1773611020413, "m": true, "p": "2139.84", "ps": "ETHUSDT", "q": "3.36", "s": "ETHUSDT"}, "stream": "ethusdt@trade"}, "timestamp": "2026-03-15T21:43:40.425747+00:00"}
{"payload": {"data": {"E": 1773611020413, "m": true, "p": "2139.84", "ps": "ETHUSDT", "q": "0.44", "s": "ETHUSDT"}, "stream": "ethusdt@trade"}, "timestamp": "2026-03-15T21:43:40.425833+00:00"}
{"payload": {"data": {"E": 1773611020414, "m": true, "p": "2139.84", "ps": "ETHUSDT", "q": "0.11", "s": "ETHUSDT"}, "stream": "ethusdt@trade"}, "timestamp": "2026-03-15T21:43:40.426052+00:00"}
{"payload": {"data": {"E": 1773611020414, "m": true, "p": "2139.84", "ps": "ETHUSDT", "q": "14.42", "s": "ETHUSDT"}, "stream": "ethusdt@trade"}, "timestamp": "2026-03-15T21:43:40.426259+00:00"}
{"payload": {"data": {"E": 1773611020414, "m": true, "p": "2139.84", "ps": "ETHUSDT", "q": "3.37", "s": "ETHUSDT"}, "stream": "ethusdt@trade"}, "timestamp": "2026-03-15T21:43:40.426496+00:00"}
{"payload": {"data": {"E": 1773611020414, "m": true, "p": "2139.84", "ps": "ETHUSDT", "q": "3.35", "s": "ETHUSDT"}, "stream": "ethusdt@trade"}, "timestamp": "2026-03-15T21:43:40.426720+00:00"}
{"payload": {"data": {"E": 1773611020414, "m": true, "p": "2139.84", "ps": "ETHUSDT", "q": "0.5", "s": "ETHUSDT"}, "stream": "ethusdt@trade"}, "timestamp": "2026-03-15T21:43:40.426839+00:00"}
{"payload": {"data": {"E": 1773611020414, "m": true, "p": "2139.84", "ps": "ETHUSDT", "q": "3.23", "s": "ETHUSDT"}, "stream": "ethusdt@trade"}, "timestamp": "2026-03-15T21:43:40.426920+00:00"}
{"payload": {"data": {"E": 1773611020414, "m": true, "p": "2140.7", "q": "0.4671", "s": "ETHUSDT"}, "stream": "ethusdt@trade"}, "timestamp": "2026-03-15T21:43:40.427119+00:00"}
{"payload": {"data": {"E": 1773611020414, "m": true, "p": "2140.7", "q": "0.2082", "s": "ETHUSDT"}, "stream": "ethusdt@trade"}, "timestamp": "2026-03-15T21:43:40.427224+00:00"}
{"payload": {"data": {"E": 1773611020419, "m": true, "p": "2139.79", "ps": "ETHUSDT", "q": "0.15", "s": "ETHUSDT"}, "stream": "ethusdt@trade"}, "timestamp": "2026-03-15T21:43:40.432398+00:00"}
{"payload": {"data": {"E": 1773611020419, "m": true, "p": "2139.79", "ps": "ETHUSDT", "q": "0.11", "s": "ETHUSDT"}, "stream": "ethusdt@trade"}, "timestamp": "2026-03-15T21:43:40.432765+00:00"}
{"payload": {"data": {"E": 1773611020429, "m": true, "p": "2139.6", "ps": "ETHUSDT", "q": "0.88", "s": "ETHUSDT"}, "stream": "ethusdt@trade"}, "timestamp": "2026-03-15T21:43:40.440174+00:00"}
{"payload": {"data": {"E": 1773611020479, "m": true, "p": "72131.62", "q": "0.000212", "s": "BTCUSDT"}, "stream": "btcusdt@trade"}, "timestamp": "2026-03-15T21:43:40.490681+00:00"}
{"payload": {"data": {"E": 1773611020483, "m": true, "p": "2140.57", "q": "0.0045", "s": "ETHUSDT"}, "stream": "ethusdt@trade"}, "timestamp": "2026-03-15T21:43:40.494965+00:00"}
{"payload": {"data": {"E": 1773611020483, "m": true, "p": "2140.57", "q": "0.0198", "s": "ETHUSDT"}, "stream": "ethusdt@trade"}, "timestamp": "2026-03-15T21:43:40.495391+00:00"}
{"payload": {"data": {"E": 1773611020496, "m": true, "p": "72093.5", "ps": "BTCUSDT", "q": "0.0002", "s": "BTCUSDT"}, "stream": "btcusdt@trade"}, "timestamp": "2026-03-15T21:43:40.507869+00:00"}
{"payload": {"data": {"E": 1773611020496, "m": true, "p": "72094.2", "ps": "BTCUSDT", "q": "0.0001", "s": "BTCUSDT"}, "stream": "btcusdt@trade"}, "timestamp": "2026-03-15T21:43:40.508442+00:00"}
{"payload": {"data": {"E": 1773611020496, "m": true, "p": "72094.3", "ps": "BTCUSDT", "q": "0.0035", "s": "BTCUSDT"}, "stream": "btcusdt@trade"}, "timestamp": "2026-03-15T21:43:40.508712+00:00"}
{"payload": {"data": {"E": 1773611020496, "m": true, "p": "72094.3", "ps": "BTCUSDT", "q": "0.0001", "s": "BTCUSDT"}, "stream": "btcusdt@trade"}, "timestamp": "2026-03-15T21:43:40.508945+00:00"}
{"payload": {"data": {"E": 1773611020496, "m": true, "p": "72094.3", "ps": "BTCUSDT", "q": "0.0024", "s": "BTCUSDT"}, "stream": "btcusdt@trade"}, "timestamp": "2026-03-15T21:43:40.509169+00:00"}
{"payload": {"data": {"E": 1773611020502, "m": true, "p": "72091.8", "ps": "BTCUSDT", "q": "0.0001", "s": "BTCUSDT"}, "stream": "btcusdt@trade"}, "timestamp": "2026-03-15T21:43:40.515315+00:00"}
{"payload": {"data": {"E": 1773611020502, "m": true, "p": "72092.8", "ps": "BTCUSDT", "q": "0.0001", "s": "BTCUSDT"}, "stream": "btcusdt@trade"}, "timestamp": "2026-03-15T21:43:40.515695+00:00"}
{"payload": {"data": {"E": 1773611020502, "m": true, "p": "72090.8", "ps": "BTCUSDT", "q": "0.0001", "s": "BTCUSDT"}, "stream": "btcusdt@trade"}, "timestamp": "2026-03-15T21:43:40.515987+00:00"}
{"payload": {"data": {"E": 1773611020506, "m": true, "p": "2140.49", "q": "0.2335", "s": "ETHUSDT"}, "stream": "ethusdt@trade"}, "timestamp": "2026-03-15T21:43:40.519070+00:00"}
{"payload": {"data": {"E": 1773611020506, "m": true, "p": "2140.49", "q": "0.0467", "s": "ETHUSDT"}, "stream": "ethusdt@trade"}, "timestamp": "2026-03-15T21:43:40.519441+00:00"}
{"payload": {"data": {"E": 1773611020514, "m": true, "p": "2139.4", "ps": "ETHUSDT", "q": "0.45", "s": "ETHUSDT"}, "stream": "ethusdt@trade"}, "timestamp": "2026-03-15T21:43:40.525629+00:00"}
{"payload": {"data": {"E": 1773611020514, "m": true, "p": "72088.1", "ps": "BTCUSDT", "q": "0.0001", "s": "BTCUSDT"}, "stream": "btcusdt@trade"}, "timestamp": "2026-03-15T21:43:40.527779+00:00"}
{"payload": {"data": {"E": 1773611020514, "m": true, "p": "72088.1", "ps": "BTCUSDT", "q": "0.0011", "s": "BTCUSDT"}, "stream": "btcusdt@trade"}, "timestamp": "2026-03-15T21:43:40.528217+00:00"}
{"payload": {"data": {"E": 1773611020514, "m": true, "p": "72088.1", "ps": "BTCUSDT", "q": "0.0001", "s": "BTCUSDT"}, "stream": "btcusdt@trade"}, "timestamp": "2026-03-15T21:43:40.528459+00:00"}
{"payload": {"data": {"E": 1773611020524, "m": true, "p": "2140.42", "q": "0.0327", "s": "ETHUSDT"}, "stream": "ethusdt@trade"}, "timestamp": "2026-03-15T21:43:40.535179+00:00"}
{"payload": {"data": {"A": "0.580385", "B": "0.018362", "E": 1773611020520, "a": "72127.59", "b": "72127.58", "s": "BTCUSDT"}, "stream": "btcusdt@bookTicker"}, "timestamp": "2026-03-15T21:43:40.537745+00:00"}
{"payload": {"data": {"A": "2.7846", "B": "0.2802", "E": 1773611020519, "a": "2140.5", "b": "2140.49", "s": "ETHUSDT"}, "stream": "ethusdt@bookTicker"}, "timestamp": "2026-03-15T21:43:40.538059+00:00"}
{"payload": {"data": {"A": "181.5034", "B": "7.3445", "E": 1773611020523, "a": "89.81", "b": "89.8", "s": "SOLUSDT"}, "stream": "solusdt@bookTicker"}, "timestamp": "2026-03-15T21:43:40.538327+00:00"}
{"payload": {"data": {"k": {"T": 1773619199999, "c": "2140.7", "h": "2144.43", "i": "4h", "l": "2110", "o": "2113.39", "q": "6235311.885842", "t": 1773604800000, "v": "2929.5606", "x": false}, "s": "ETHUSDT"}, "stream": "ethusdt@kline_4h"}, "timestamp": "2026-03-15T21:43:40.550538+00:00"}
{"payload": {"data": {"k": {"T": 1773611099999, "c": "2140.7", "h": "2140.7", "i": "5m", "l": "2135.61", "o": "2137.66", "q": "271486.863719", "t": 1773610800000, "v": "126.9544", "x": false}, "s": "ETHUSDT"}, "stream": "ethusdt@kline_5m"}, "timestamp": "2026-03-15T21:43:40.551503+00:00"}
{"payload": {"data": {"k": {"T": 1773611039999, "c": "2140.7", "h": "2140.7", "i": "1m", "l": "2137.61", "o": "2138.34", "q": "85936.941889", "t": 1773610980000, "v": "40.1807", "x": false}, "s": "ETHUSDT"}, "stream": "ethusdt@kline_1m"}, "timestamp": "2026-03-15T21:43:40.554506+00:00"}
{"payload": {"data": {"k": {"T": 1773619199999, "c": "72131.62", "h": "72217.47", "i": "4h", "l": "71429.07", "o": "71553.27", "q": "5882296.25122367", "t": 1773604800000, "v": "81.932464", "x": false}, "s": "BTCUSDT"}, "stream": "btcusdt@kline_4h"}, "timestamp": "2026-03-15T21:43:40.555136+00:00"}
{"payload": {"data": {"k": {"T": 1773611999999, "c": "2140.7", "h": "2144.43", "i": "1h", "l": "2123.34", "o": "2129.01", "q": "2787109.08202", "t": 1773608400000, "v": "1306.2989", "x": false}, "s": "ETHUSDT"}, "stream": "ethusdt@kline_1h"}, "timestamp": "2026-03-15T21:43:40.556725+00:00"}
{"payload": {"data": {"k": {"T": 1773611099999, "c": "72131.62", "h": "72134.46", "i": "5m", "l": "72014.29", "o": "72086.35", "q": "497198.57784452", "t": 1773610800000, "v": "6.89863", "x": false}, "s": "BTCUSDT"}, "stream": "btcusdt@kline_5m"}, "timestamp": "2026-03-15T21:43:40.557193+00:00"}
{"payload": {"data": {"E": 1773611020546, "m": true, "p": "72125", "q": "0.002236", "s": "BTCUSDT"}, "stream": "btcusdt@trade"}, "timestamp": "2026-03-15T21:43:40.557672+00:00"}
{"payload": {"data": {"k": {"T": 1773611039999, "c": "72131.62", "h": "72131.62", "i": "1m", "l": "72014.29", "o": "72044", "q": "98441.24451126", "t": 1773610980000, "v": "1.365939", "x": false}, "s": "BTCUSDT"}, "stream": "btcusdt@kline_1m"}, "timestamp": "2026-03-15T21:43:40.558124+00:00"}
{"payload": {"data": {"k": {"T": 1773611999999, "c": "72131.62", "h": "72217.47", "i": "1h", "l": "71625.28", "o": "71727", "q": "2569450.51948684", "t": 1773608400000, "v": "35.713675", "x": false}, "s": "BTCUSDT"}, "stream": "btcusdt@kline_1h"}, "timestamp": "2026-03-15T21:43:40.562292+00:00"}
{"payload": {"data": {"E": 1773611020554, "m": true, "p": "2140.42", "q": "0.36", "s": "ETHUSDT"}, "stream": "ethusdt@trade"}, "timestamp": "2026-03-15T21:43:40.565617+00:00"}
{"payload": {"data": {"E": 1773611020554, "m": true, "p": "72124.08", "q": "0.001386", "s": "BTCUSDT"}, "stream": "btcusdt@trade"}, "timestamp": "2026-03-15T21:43:40.565921+00:00"}
{"payload": {"data": {"E": 1773611020559, "m": true, "p": "2139.27", "ps": "ETHUSDT", "q": "0.01", "s": "ETHUSDT"}, "stream": "ethusdt@trade"}, "timestamp": "2026-03-15T21:43:40.570227+00:00"}
{"payload": {"data": {"E": 1773611020559, "m": true, "p": "2139.25", "ps": "ETHUSDT", "q": "0.01", "s": "ETHUSDT"}, "stream": "ethusdt@trade"}, "timestamp": "2026-03-15T21:43:40.570678+00:00"}
{"payload": {"data": {"E": 1773611020566, "m": true, "p": "72087.9", "ps": "BTCUSDT", "q": "0.0001", "s": "BTCUSDT"}, "stream": "btcusdt@trade"}, "timestamp": "2026-03-15T21:43:40.577604+00:00"}
{"payload": {"data": {"E": 1773611020566, "m": true, "p": "72088", "ps": "BTCUSDT", "q": "0.0001", "s": "BTCUSDT"}, "stream": "btcusdt@trade"}, "timestamp": "2026-03-15T21:43:40.577875+00:00"}
{"payload": {"data": {"E": 1773611020566, "m": true, "p": "72085.5", "ps": "BTCUSDT", "q": "0.0001", "s": "BTCUSDT"}, "stream": "btcusdt@trade"}, "timestamp": "2026-03-15T21:43:40.578345+00:00"}
{"payload": {"data": {"E": 1773611020566, "m": true, "p": "72086.5", "ps": "BTCUSDT", "q": "0.0001", "s": "BTCUSDT"}, "stream": "btcusdt@trade"}, "timestamp": "2026-03-15T21:43:40.578717+00:00"}
{"payload": {"data": {"E": 1773611020566, "m": true, "p": "72087.5", "ps": "BTCUSDT", "q": "0.0001", "s": "BTCUSDT"}, "stream": "btcusdt@trade"}, "timestamp": "2026-03-15T21:43:40.578950+00:00"}
{"payload": {"data": {"E": 1773611020576, "m": true, "p": "2139.12", "ps": "ETHUSDT", "q": "0.01", "s": "ETHUSDT"}, "stream": "ethusdt@trade"}, "timestamp": "2026-03-15T21:43:40.587388+00:00"}
{"payload": {"data": {"E": 1773611020576, "m": true, "p": "2139.12", "ps": "ETHUSDT", "q": "0.01", "s": "ETHUSDT"}, "stream": "ethusdt@trade"}, "timestamp": "2026-03-15T21:43:40.587767+00:00"}
{"payload": {"data": {"E": 1773611020576, "m": true, "p": "2139.12", "ps": "ETHUSDT", "q": "0.01", "s": "ETHUSDT"}, "stream": "ethusdt@trade"}, "timestamp": "2026-03-15T21:43:40.588243+00:00"}
{"payload": {"data": {"E": 1773611020579, "m": true, "p": "72081.6", "ps": "BTCUSDT", "q": "0.0002", "s": "BTCUSDT"}, "stream": "btcusdt@trade"}, "timestamp": "2026-03-15T21:43:40.590091+00:00"}
{"payload": {"data": {"E": 1773611020580, "m": true, "p": "2139.12", "ps": "ETHUSDT", "q": "0.02", "s": "ETHUSDT"}, "stream": "ethusdt@trade"}, "timestamp": "2026-03-15T21:43:40.591053+00:00"}
{"payload": {"data": {"E": 1773611020593, "m": true, "p": "72081.5", "ps": "BTCUSDT", "q": "0.0001", "s": "BTCUSDT"}, "stream": "btcusdt@trade"}, "timestamp": "2026-03-15T21:43:40.603883+00:00"}
{"payload": {"data": {"E": 1773611020593, "m": true, "p": "72081.6", "ps": "BTCUSDT", "q": "0.0001", "s": "BTCUSDT"}, "stream": "btcusdt@trade"}, "timestamp": "2026-03-15T21:43:40.604169+00:00"}
{"payload": {"data": {"E": 1773611020597, "m": true, "p": "72080.1", "ps": "BTCUSDT", "q": "0.0001", "s": "BTCUSDT"}, "stream": "btcusdt@trade"}, "timestamp": "2026-03-15T21:43:40.608835+00:00"}
{"payload": {"data": {"E": 1773611020608, "m": true, "p": "72079.2", "ps": "BTCUSDT", "q": "0.0002", "s": "BTCUSDT"}, "stream": "btcusdt@trade"}, "timestamp": "2026-03-15T21:43:40.619591+00:00"}
{"payload": {"data": {"E": 1773611020608, "m": true, "p": "72079.2", "ps": "BTCUSDT", "q": "0.0001", "s": "BTCUSDT"}, "stream": "btcusdt@trade"}, "timestamp": "2026-03-15T21:43:40.619899+00:00"}
{"payload": {"data": {"E": 1773611020608, "m": true, "p": "72079.2", "ps": "BTCUSDT", "q": "0.0128", "s": "BTCUSDT"}, "stream": "btcusdt@trade"}, "timestamp": "2026-03-15T21:43:40.620130+00:00"}
{"payload": {"data": {"E": 1773611020620, "m": false, "p": "72079.3", "ps": "BTCUSDT", "q": "0.05", "s": "BTCUSDT"}, "stream": "btcusdt@trade"}, "timestamp": "2026-03-15T21:43:40.630973+00:00"}
{"payload": {"data": {"A": "2.3402", "B": "6.5106", "E": 1773611020662, "a": "72094.4", "b": "72094.3", "ps": "BTCUSDT", "s": "BTCUSDT"}, "stream": "btcusdt@bookTicker"}, "timestamp": "2026-03-15T21:43:40.672376+00:00"}
{"payload": {"data": {"E": 1773611020662, "i": "72113.0978204894631673", "p": "72094.1", "r": "-0.000026", "s": "BTCUSDT"}, "stream": "btcusdt@markPrice"}, "timestamp": "2026-03-15T21:43:40.672879+00:00"}
{"payload": {"data": {"openInterest": "27404.4737", "symbol": "BTCUSDT", "time": 1773611020662}, "stream": "btcusdt@openInterest"}, "timestamp": "2026-03-15T21:43:40.673217+00:00"}
{"payload": {"data": {"A": "6.8", "B": "29.1", "E": 1773611020665, "a": "89.764", "b": "89.763", "ps": "SOLUSDT", "s": "SOLUSDT"}, "stream": "solusdt@bookTicker"}, "timestamp": "2026-03-15T21:43:40.675181+00:00"}
{"payload": {"data": {"E": 1773611020665, "i": "89.791215631799442", "p": "89.763", "r": "-0.000007", "s": "SOLUSDT"}, "stream": "solusdt@markPrice"}, "timestamp": "2026-03-15T21:43:40.675475+00:00"}
{"payload": {"data": {"openInterest": "3538271", "symbol": "SOLUSDT", "time": 1773611020665}, "stream": "solusdt@openInterest"}, "timestamp": "2026-03-15T21:43:40.675709+00:00"}
{"payload": {"data": {"A": "9.71", "B": "60.81", "E": 1773611020667, "a": "2139.85", "b": "2139.84", "ps": "ETHUSDT", "s": "ETHUSDT"}, "stream": "ethusdt@bookTicker"}, "timestamp": "2026-03-15T21:43:40.678047+00:00"}
{"payload": {"data": {"E": 1773611020667, "i": "2140.443987510037606", "p": "2139.62", "r": "-0.000018", "s": "ETHUSDT"}, "stream": "ethusdt@markPrice"}, "timestamp": "2026-03-15T21:43:40.678403+00:00"}
{"payload": {"data": {"openInterest": "653650.25", "symbol": "ETHUSDT", "time": 1773611020667}, "stream": "ethusdt@openInterest"}, "timestamp": "2026-03-15T21:43:40.678669+00:00"}
{"payload": {"data": {"E": 1773611020751, "m": true, "p": "2139.1", "ps": "ETHUSDT", "q": "0.16", "s": "ETHUSDT"}, "stream": "ethusdt@trade"}, "timestamp": "2026-03-15T21:43:40.762339+00:00"}
{"payload": {"data": {"E": 1773611020754, "m": true, "p": "72079.1", "ps": "BTCUSDT", "q": "0.0001", "s": "BTCUSDT"}, "stream": "btcusdt@trade"}, "timestamp": "2026-03-15T21:43:40.765857+00:00"}
{"payload": {"data": {"E": 1773611020754, "m": true, "p": "72079.2", "ps": "BTCUSDT", "q": "0.0001", "s": "BTCUSDT"}, "stream": "btcusdt@trade"}, "timestamp": "2026-03-15T21:43:40.766038+00:00"}
{"payload": {"data": {"E": 1773611020754, "m": true, "p": "72079.2", "ps": "BTCUSDT", "q": "0.0128", "s": "BTCUSDT"}, "stream": "btcusdt@trade"}, "timestamp": "2026-03-15T21:43:40.766141+00:00"}
{"payload": {"data": {"E": 1773611020754, "m": true, "p": "72078.4", "ps": "BTCUSDT", "q": "0.0001", "s": "BTCUSDT"}, "stream": "btcusdt@trade"}, "timestamp": "2026-03-15T21:43:40.766246+00:00"}
{"payload": {"data": {"E": 1773611020756, "m": false, "p": "2139.1", "ps": "ETHUSDT", "q": "0.01", "s": "ETHUSDT"}, "stream": "ethusdt@trade"}, "timestamp": "2026-03-15T21:43:40.767389+00:00"}
{"payload": {"data": {"E": 1773611020756, "m": false, "p": "2139.1", "ps": "ETHUSDT", "q": "0.01", "s": "ETHUSDT"}, "stream": "ethusdt@trade"}, "timestamp": "2026-03-15T21:43:40.767706+00:00"}
{"payload": {"data": {"E": 1773611020756, "m": false, "p": "2139.1", "ps": "ETHUSDT", "q": "0.02", "s": "ETHUSDT"}, "stream": "ethusdt@trade"}, "timestamp": "2026-03-15T21:43:40.767937+00:00"}
{"payload": {"data": {"E": 1773611020757, "m": false, "p": "2139.1", "ps": "ETHUSDT", "q": "0.02", "s": "ETHUSDT"}, "stream": "ethusdt@trade"}, "timestamp": "2026-03-15T21:43:40.768179+00:00"}
{"payload": {"data": {"E": 1773611020767, "m": true, "p": "72117.86", "q": "0.01143", "s": "BTCUSDT"}, "stream": "btcusdt@trade"}, "timestamp": "2026-03-15T21:43:40.778737+00:00"}
{"payload": {"data": {"E": 1773611020767, "m": true, "p": "72117.86", "q": "0.002434", "s": "BTCUSDT"}, "stream": "btcusdt@trade"}, "timestamp": "2026-03-15T21:43:40.779436+00:00"}
{"payload": {"data": {"E": 1773611020784, "m": true, "p": "2139.09", "ps": "ETHUSDT", "q": "0.01", "s": "ETHUSDT"}, "stream": "ethusdt@trade"}, "timestamp": "2026-03-15T21:43:40.795621+00:00"}
{"payload": {"data": {"E": 1773611020784, "m": true, "p": "2139.09", "ps": "ETHUSDT", "q": "0.01", "s": "ETHUSDT"}, "stream": "ethusdt@trade"}, "timestamp": "2026-03-15T21:43:40.795990+00:00"}
{"payload": {"data": {"E": 1773611020784, "m": true, "p": "2139.09", "ps": "ETHUSDT", "q": "0.01", "s": "ETHUSDT"}, "stream": "ethusdt@trade"}, "timestamp": "2026-03-15T21:43:40.796259+00:00"}
{"payload": {"data": {"E": 1773611020786, "m": true, "p": "2139.09", "ps": "ETHUSDT", "q": "0.01", "s": "ETHUSDT"}, "stream": "ethusdt@trade"}, "timestamp": "2026-03-15T21:43:40.796535+00:00"}
{"payload": {"data": {"E": 1773611020786, "m": true, "p": "2139.09", "ps": "ETHUSDT", "q": "0.01", "s": "ETHUSDT"}, "stream": "ethusdt@trade"}, "timestamp": "2026-03-15T21:43:40.797174+00:00"}
{"payload": {"data": {"E": 1773611020786, "m": true, "p": "2139.09", "ps": "ETHUSDT", "q": "0.01", "s": "ETHUSDT"}, "stream": "ethusdt@trade"}, "timestamp": "2026-03-15T21:43:40.797567+00:00"}
{"payload": {"data": {"E": 1773611020792, "m": true, "p": "72076.9", "ps": "BTCUSDT", "q": "0.0001", "s": "BTCUSDT"}, "stream": "btcusdt@trade"}, "timestamp": "2026-03-15T21:43:40.802653+00:00"}
{"payload": {"data": {"E": 1773611020792, "m": true, "p": "72077", "ps": "BTCUSDT", "q": "0.0001", "s": "BTCUSDT"}, "stream": "btcusdt@trade"}, "timestamp": "2026-03-15T21:43:40.803028+00:00"}
{"payload": {"data": {"E": 1773611020792, "m": true, "p": "72075.5", "ps": "BTCUSDT", "q": "0.0001", "s": "BTCUSDT"}, "stream": "btcusdt@trade"}, "timestamp": "2026-03-15T21:43:40.803302+00:00"}
{"payload": {"data": {"E": 1773611020793, "m": false, "p": "2138.91", "ps": "ETHUSDT", "q": "0.12", "s": "ETHUSDT"}, "stream": "ethusdt@trade"}, "timestamp": "2026-03-15T21:43:40.803903+00:00"}
{"payload": {"data": {"E": 1773611020793, "m": false, "p": "2138.91", "ps": "ETHUSDT", "q": "0.12", "s": "ETHUSDT"}, "stream": "ethusdt@trade"}, "timestamp": "2026-03-15T21:43:40.804072+00:00"}
{"payload": {"data": {"E": 1773611020793, "m": false, "p": "2138.91", "ps": "ETHUSDT", "q": "0.12", "s": "ETHUSDT"}, "stream": "ethusdt@trade"}, "timestamp": "2026-03-15T21:43:40.804176+00:00"}
{"payload": {"data": {"E": 1773611020793, "m": false, "p": "2138.91", "ps": "ETHUSDT", "q": "0.12", "s": "ETHUSDT"}, "stream": "ethusdt@trade"}, "timestamp": "2026-03-15T21:43:40.804380+00:00"}
{"payload": {"data": {"A": "4.0689", "B": "0.0467", "E": 1773611020816, "a": "2140.03", "b": "2140.02", "s": "ETHUSDT"}, "stream": "ethusdt@bookTicker"}, "timestamp": "2026-03-15T21:43:40.827333+00:00"}
{"payload": {"data": {"A": "0.157744", "B": "1.14381", "E": 1773611020817, "a": "72113.85", "b": "72105.89", "s": "BTCUSDT"}, "stream": "btcusdt@bookTicker"}, "timestamp": "2026-03-15T21:43:40.828332+00:00"}
{"payload": {"data": {"A": "19.7625", "B": "13.9046", "E": 1773611020818, "a": "89.8", "b": "89.79", "s": "SOLUSDT"}, "stream": "solusdt@bookTicker"}, "timestamp": "2026-03-15T21:43:40.830268+00:00"}
{"payload": {"data": {"E": 1773611020848, "m": false, "p": "89.77", "q": "0.5572", "s": "SOLUSDT"}, "stream": "solusdt@trade"}, "timestamp": "2026-03-15T21:43:40.859681+00:00"}
{"payload": {"data": {"E": 1773611020848, "m": false, "p": "89.77", "q": "0.5572", "s": "SOLUSDT"}, "stream": "solusdt@trade"}, "timestamp": "2026-03-15T21:43:40.860134+00:00"}
{"payload": {"data": {"E": 1773611020898, "m": false, "p": "89.734", "ps": "SOLUSDT", "q": "0.6", "s": "SOLUSDT"}, "stream": "solusdt@trade"}, "timestamp": "2026-03-15T21:43:40.909228+00:00"}
{"payload": {"data": {"E": 1773611020898, "m": false, "p": "89.734", "ps": "SOLUSDT", "q": "0.6", "s": "SOLUSDT"}, "stream": "solusdt@trade"}, "timestamp": "2026-03-15T21:43:40.909522+00:00"}
{"payload": {"data": {"k": {"T": 1773619199999, "c": "89.77", "h": "90.15", "i": "4h", "l": "87.99", "o": "88.19", "q": "2074879.37934", "t": 1773604800000, "v": "23253.1587", "x": false}, "s": "SOLUSDT"}, "stream": "solusdt@kline_4h"}, "timestamp": "2026-03-15T21:43:40.928632+00:00"}
{"payload": {"data": {"k": {"T": 1773611099999, "c": "89.77", "h": "89.92", "i": "5m", "l": "89.67", "o": "89.82", "q": "34020.158122", "t": 1773610800000, "v": "379.1644", "x": false}, "s": "SOLUSDT"}, "stream": "solusdt@kline_5m"}, "timestamp": "2026-03-15T21:43:40.929267+00:00"}
{"payload": {"data": {"k": {"T": 1773611039999, "c": "89.77", "h": "89.8", "i": "1m", "l": "89.68", "o": "89.73", "q": "9526.515148", "t": 1773610980000, "v": "106.2077", "x": false}, "s": "SOLUSDT"}, "stream": "solusdt@kline_1m"}, "timestamp": "2026-03-15T21:43:40.931152+00:00"}
{"payload": {"data": {"k": {"T": 1773611999999, "c": "89.77", "h": "90.15", "i": "1h", "l": "88.57", "o": "88.76", "q": "1540878.167167", "t": 1773608400000, "v": "17218.063", "x": false}, "s": "SOLUSDT"}, "stream": "solusdt@kline_1h"}, "timestamp": "2026-03-15T21:43:40.938573+00:00"}
{"payload": {"data": {"k": {"T": 1773611099999, "c": "89.734", "h": "89.893", "i": "5m", "l": "89.623", "o": "89.755", "q": "1574229.6982", "t": 1773610800000, "v": "17547.4", "x": false}, "ps": "SOLUSDT", "s": "SOLUSDT"}, "stream": "solusdt@kline_5m"}, "timestamp": "2026-03-15T21:43:41.005894+00:00"}
{"payload": {"data": {"E": 1773611021108, "m": true, "p": "72074.7", "ps": "BTCUSDT", "q": "0.0001", "s": "BTCUSDT"}, "stream": "btcusdt@trade"}, "timestamp": "2026-03-15T21:43:41.119749+00:00"}
{"payload": {"data": {"E": 1773611021108, "m": true, "p": "72074.8", "ps": "BTCUSDT", "q": "0.0001", "s": "BTCUSDT"}, "stream": "btcusdt@trade"}, "timestamp": "2026-03-15T21:43:41.120251+00:00"}
{"payload": {"data": {"E": 1773611021108, "m": true, "p": "72071.3", "ps": "BTCUSDT", "q": "0.0001", "s": "BTCUSDT"}, "stream": "btcusdt@trade"}, "timestamp": "2026-03-15T21:43:41.120749+00:00"}
{"payload": {"data": {"E": 1773611021108, "m": true, "p": "72072.3", "ps": "BTCUSDT", "q": "0.0001", "s": "BTCUSDT"}, "stream": "btcusdt@trade"}, "timestamp": "2026-03-15T21:43:41.121007+00:00"}
{"payload": {"data": {"E": 1773611021108, "m": true, "p": "72073.3", "ps": "BTCUSDT", "q": "0.0001", "s": "BTCUSDT"}, "stream": "btcusdt@trade"}, "timestamp": "2026-03-15T21:43:41.121235+00:00"}
{"payload": {"data": {"A": "5.5526", "B": "0.0246", "E": 1773611021111, "a": "2139.91", "b": "2139.9", "s": "ETHUSDT"}, "stream": "ethusdt@bookTicker"}, "timestamp": "2026-03-15T21:43:41.122109+00:00"}
{"payload": {"data": {"A": "0.076821", "B": "2.536294", "E": 1773611021113, "a": "72105.9", "b": "72105.89", "s": "BTCUSDT"}, "stream": "btcusdt@bookTicker"}, "timestamp": "2026-03-15T21:43:41.124832+00:00"}
{"payload": {"data": {"A": "2.1157", "B": "16.8172", "E": 1773611021113, "a": "89.78", "b": "89.77", "s": "SOLUSDT"}, "stream": "solusdt@bookTicker"}, "timestamp": "2026-03-15T21:43:41.125292+00:00"}
{"payload": {"data": {"A": "65.01", "B": "1.79", "E": 1773611021120, "a": "2139.1", "b": "2139.09", "ps": "ETHUSDT", "s": "ETHUSDT"}, "stream": "ethusdt@bookTicker"}, "timestamp": "2026-03-15T21:43:41.134284+00:00"}
{"payload": {"data": {"E": 1773611021120, "i": "2140.5016620458507142", "p": "2139.62", "r": "-0.000018", "s": "ETHUSDT"}, "stream": "ethusdt@markPrice"}, "timestamp": "2026-03-15T21:43:41.134611+00:00"}
{"payload": {"data": {"openInterest": "653619.83", "symbol": "ETHUSDT", "time": 1773611021120}, "stream": "ethusdt@openInterest"}, "timestamp": "2026-03-15T21:43:41.134850+00:00"}
{"payload": {"data": {"A": "4.9641", "B": "0.3364", "E": 1773611021120, "a": "72079.3", "b": "72079.2", "ps": "BTCUSDT", "s": "BTCUSDT"}, "stream": "btcusdt@bookTicker"}, "timestamp": "2026-03-15T21:43:41.135125+00:00"}
{"payload": {"data": {"E": 1773611021120, "i": "72122.8575767909637113", "p": "72094.1", "r": "-0.000026", "s": "BTCUSDT"}, "stream": "btcusdt@markPrice"}, "timestamp": "2026-03-15T21:43:41.135349+00:00"}
{"payload": {"data": {"openInterest": "27395.3774", "symbol": "BTCUSDT", "time": 1773611021120}, "stream": "btcusdt@openInterest"}, "timestamp": "2026-03-15T21:43:41.135566+00:00"}
{"payload": {"data": {"A": "10.4", "B": "204.1", "E": 1773611021124, "a": "89.751", "b": "89.75", "ps": "SOLUSDT", "s": "SOLUSDT"}, "stream": "solusdt@bookTicker"}, "timestamp": "2026-03-15T21:43:41.137379+00:00"}
{"payload": {"data": {"E": 1773611021124, "i": "89.7924762668933824", "p": "89.763", "r": "-0.000007", "s": "SOLUSDT"}, "stream": "solusdt@markPrice"}, "timestamp": "2026-03-15T21:43:41.137674+00:00"}
{"payload": {"data": {"openInterest": "3538300.9", "symbol": "SOLUSDT", "time": 1773611021124}, "stream": "solusdt@openInterest"}, "timestamp": "2026-03-15T21:43:41.137916+00:00"}
{"payload": {"data": {"E": 1773611021133, "m": true, "p": "2138.85", "ps": "ETHUSDT", "q": "0.01", "s": "ETHUSDT"}, "stream": "ethusdt@trade"}, "timestamp": "2026-03-15T21:43:41.144317+00:00"}
{"payload": {"data": {"E": 1773611021133, "m": true, "p": "2138.85", "ps": "ETHUSDT", "q": "0.01", "s": "ETHUSDT"}, "stream": "ethusdt@trade"}, "timestamp": "2026-03-15T21:43:41.144859+00:00"}
{"payload": {"data": {"E": 1773611021133, "m": true, "p": "2138.85", "ps": "ETHUSDT", "q": "0.01", "s": "ETHUSDT"}, "stream": "ethusdt@trade"}, "timestamp": "2026-03-15T21:43:41.145113+00:00"}
{"payload": {"data": {"E": 1773611021151, "m": true, "p": "72071.1", "ps": "BTCUSDT", "q": "0.0001", "s": "BTCUSDT"}, "stream": "btcusdt@trade"}, "timestamp": "2026-03-15T21:43:41.162702+00:00"}
{"payload": {"data": {"E": 1773611021199, "m": true, "p": "2139.9", "q": "0.0164", "s": "ETHUSDT"}, "stream": "ethusdt@trade"}, "timestamp": "2026-03-15T21:43:41.209983+00:00"}
{"payload": {"data": {"E": 1773611021199, "m": true, "p": "2139.9", "q": "0.0082", "s": "ETHUSDT"}, "stream": "ethusdt@trade"}, "timestamp": "2026-03-15T21:43:41.210393+00:00"}
{"payload": {"data": {"k": {"T": 1773611099999, "c": "2138.85", "h": "2139.85", "i": "5m", "l": "2134.77", "o": "2136.84", "q": "4677404.5977", "t": 1773610800000, "v": "2188.32", "x": false}, "ps": "ETHUSDT", "s": "ETHUSDT"}, "stream": "ethusdt@kline_5m"}, "timestamp": "2026-03-15T21:43:41.218625+00:00"}
{"payload": {"data": {"E": 1773611021208, "m": true, "p": "2138.78", "ps": "ETHUSDT", "q": "0.05", "s": "ETHUSDT"}, "stream": "ethusdt@trade"}, "timestamp": "2026-03-15T21:43:41.220714+00:00"}
{"payload": {"data": {"E": 1773611021212, "m": true, "p": "72071", "ps": "BTCUSDT", "q": "0.0001", "s": "BTCUSDT"}, "stream": "btcusdt@trade"}, "timestamp": "2026-03-15T21:43:41.224044+00:00"}
{"payload": {"data": {"E": 1773611021212, "m": true, "p": "72071.1", "ps": "BTCUSDT", "q": "0.0001", "s": "BTCUSDT"}, "stream": "btcusdt@trade"}, "timestamp": "2026-03-15T21:43:41.224318+00:00"}
{"payload": {"data": {"E": 1773611021218, "m": true, "p": "72066.6", "ps": "BTCUSDT", "q": "0.0001", "s": "BTCUSDT"}, "stream": "btcusdt@trade"}, "timestamp": "2026-03-15T21:43:41.230632+00:00"}
{"payload": {"data": {"E": 1773611021218, "m": true, "p": "72067.6", "ps": "BTCUSDT", "q": "0.0001", "s": "BTCUSDT"}, "stream": "btcusdt@trade"}, "timestamp": "2026-03-15T21:43:41.230894+00:00"}
{"payload": {"data": {"E": 1773611021218, "m": true, "p": "72068.6", "ps": "BTCUSDT", "q": "0.0001", "s": "BTCUSDT"}, "stream": "btcusdt@trade"}, "timestamp": "2026-03-15T21:43:41.231117+00:00"}
{"payload": {"data": {"E": 1773611021218, "m": true, "p": "72065.6", "ps": "BTCUSDT", "q": "0.0001", "s": "BTCUSDT"}, "stream": "btcusdt@trade"}, "timestamp": "2026-03-15T21:43:41.231559+00:00"}
{"payload": {"data": {"E": 1773611021233, "m": true, "p": "72064.6", "ps": "BTCUSDT", "q": "0.013", "s": "BTCUSDT"}, "stream": "btcusdt@trade"}, "timestamp": "2026-03-15T21:43:41.246093+00:00"}
{"payload": {"data": {"E": 1773611021255, "m": false, "p": "72064.7", "ps": "BTCUSDT", "q": "0.0481", "s": "BTCUSDT"}, "stream": "btcusdt@trade"}, "timestamp": "2026-03-15T21:43:41.267597+00:00"}
{"payload": {"data": {"E": 1773611021260, "m": true, "p": "2139.8", "q": "0.0082", "s": "ETHUSDT"}, "stream": "ethusdt@trade"}, "timestamp": "2026-03-15T21:43:41.270871+00:00"}
{"payload": {"data": {"E": 1773611021260, "m": true, "p": "2139.8", "q": "0.0467", "s": "ETHUSDT"}, "stream": "ethusdt@trade"}, "timestamp": "2026-03-15T21:43:41.271200+00:00"}
{"payload": {"data": {"E": 1773611021278, "m": true, "p": "2138.63", "ps": "ETHUSDT", "q": "0.03", "s": "ETHUSDT"}, "stream": "ethusdt@trade"}, "timestamp": "2026-03-15T21:43:41.289363+00:00"}
{"payload": {"data": {"E": 1773611021284, "m": true, "p": "2138.51", "ps": "ETHUSDT", "q": "0.01", "s": "ETHUSDT"}, "stream": "ethusdt@trade"}, "timestamp": "2026-03-15T21:43:41.295446+00:00"}
{"payload": {"data": {"E": 1773611021284, "m": true, "p": "2138.51", "ps": "ETHUSDT", "q": "0.01", "s": "ETHUSDT"}, "stream": "ethusdt@trade"}, "timestamp": "2026-03-15T21:43:41.295917+00:00"}
{"payload": {"data": {"E": 1773611021298, "m": false, "p": "2138.52", "ps": "ETHUSDT", "q": "0.06", "s": "ETHUSDT"}, "stream": "ethusdt@trade"}, "timestamp": "2026-03-15T21:43:41.309562+00:00"}
{"payload": {"data": {"E": 1773611021298, "m": false, "p": "2138.52", "ps": "ETHUSDT", "q": "0.06", "s": "ETHUSDT"}, "stream": "ethusdt@trade"}, "timestamp": "2026-03-15T21:43:41.309984+00:00"}
{"payload": {"data": {"E": 1773611021308, "m": true, "p": "2139.7", "q": "0.0082", "s": "ETHUSDT"}, "stream": "ethusdt@trade"}, "timestamp": "2026-03-15T21:43:41.319136+00:00"}
{"payload": {"data": {"A": "0.076821", "B": "2.536294", "E": 1773611021407, "a": "72105.9", "b": "72105.89", "s": "BTCUSDT"}, "stream": "btcusdt@bookTicker"}, "timestamp": "2026-03-15T21:43:41.419412+00:00"}
{"payload": {"data": {"A": "2.1157", "B": "16.8172", "E": 1773611021407, "a": "89.78", "b": "89.77", "s": "SOLUSDT"}, "stream": "solusdt@bookTicker"}, "timestamp": "2026-03-15T21:43:41.420035+00:00"}
{"payload": {"data": {"A": "5.5526", "B": "0.0246", "E": 1773611021408, "a": "2139.91", "b": "2139.9", "s": "ETHUSDT"}, "stream": "ethusdt@bookTicker"}, "timestamp": "2026-03-15T21:43:41.420914+00:00"}
{"payload": {"data": {"E": 1773611021535, "m": false, "p": "89.78", "q": "0.2413", "s": "SOLUSDT"}, "stream": "solusdt@trade"}, "timestamp": "2026-03-15T21:43:41.546230+00:00"}
{"payload": {"data": {"E": 1773611021540, "m": false, "p": "89.78", "q": "0.0201", "s": "SOLUSDT"}, "stream": "solusdt@trade"}, "timestamp": "2026-03-15T21:43:41.550598+00:00"}
{"payload": {"data": {"A": "9.8575", "B": "0.8746", "E": 1773611021594, "a": "72071.2", "b": "72071.1", "ps": "BTCUSDT", "s": "BTCUSDT"}, "stream": "btcusdt@bookTicker"}, "timestamp": "2026-03-15T21:43:41.606492+00:00"}
{"payload": {"data": {"E": 1773611021594, "i": "72120.8022902918171498", "p": "72086.9", "r": "-0.000026", "s": "BTCUSDT"}, "stream": "btcusdt@markPrice"}, "timestamp": "2026-03-15T21:43:41.606921+00:00"}
{"payload": {"data": {"openInterest": "27395.3774", "symbol": "BTCUSDT", "time": 1773611021594}, "stream": "btcusdt@openInterest"}, "timestamp": "2026-03-15T21:43:41.607192+00:00"}
{"payload": {"data": {"A": "87.51", "B": "0.41", "E": 1773611021595, "a": "2138.86", "b": "2138.85", "ps": "ETHUSDT", "s": "ETHUSDT"}, "stream": "ethusdt@bookTicker"}, "timestamp": "2026-03-15T21:43:41.607488+00:00"}
{"payload": {"data": {"E": 1773611021595, "i": "2140.5030681101852611", "p": "2139.47", "r": "-0.000018", "s": "ETHUSDT"}, "stream": "ethusdt@markPrice"}, "timestamp": "2026-03-15T21:43:41.607731+00:00"}
{"payload": {"data": {"openInterest": "653619.83", "symbol": "ETHUSDT", "time": 1773611021595}, "stream": "ethusdt@openInterest"}, "timestamp": "2026-03-15T21:43:41.607952+00:00"}
{"payload": {"data": {"A": "20", "B": "69.9", "E": 1773611021596, "a": "89.735", "b": "89.734", "ps": "SOLUSDT", "s": "SOLUSDT"}, "stream": "solusdt@bookTicker"}, "timestamp": "2026-03-15T21:43:41.608400+00:00"}
{"payload": {"data": {"E": 1773611021596, "i": "89.791215631799442", "p": "89.75", "r": "-0.000007", "s": "SOLUSDT"}, "stream": "solusdt@markPrice"}, "timestamp": "2026-03-15T21:43:41.608655+00:00"}
{"payload": {"data": {"openInterest": "3538300.9", "symbol": "SOLUSDT", "time": 1773611021596}, "stream": "solusdt@openInterest"}, "timestamp": "2026-03-15T21:43:41.608875+00:00"}
{"payload": {"data": {"A": "12.8385", "B": "7.3443", "E": 1773611021728, "a": "89.79", "b": "89.78", "s": "SOLUSDT"}, "stream": "solusdt@bookTicker"}, "timestamp": "2026-03-15T21:43:41.739460+00:00"}
{"payload": {"data": {"A": "2.135", "B": "0.2529", "E": 1773611021729, "a": "2139.61", "b": "2139.6", "s": "ETHUSDT"}, "stream": "ethusdt@bookTicker"}, "timestamp": "2026-03-15T21:43:41.740188+00:00"}
{"payload": {"data": {"A": "0.076821", "B": "0.013866", "E": 1773611021729, "a": "72105.9", "b": "72105.89", "s": "BTCUSDT"}, "stream": "btcusdt@bookTicker"}, "timestamp": "2026-03-15T21:43:41.741358+00:00"}
{"payload": {"data": {"E": 1773611021830, "m": true, "p": "72064.6", "ps": "BTCUSDT", "q": "0.0001", "s": "BTCUSDT"}, "stream": "btcusdt@trade"}, "timestamp": "2026-03-15T21:43:41.842329+00:00"}
{"payload": {"data": {"E": 1773611021868, "m": true, "p": "72064.5", "ps": "BTCUSDT", "q": "0.0001", "s": "BTCUSDT"}, "stream": "btcusdt@trade"}, "timestamp": "2026-03-15T21:43:41.879680+00:00"}
{"payload": {"data": {"E": 1773611021868, "m": true, "p": "72064.6", "ps": "BTCUSDT", "q": "0.0028", "s": "BTCUSDT"}, "stream": "btcusdt@trade"}, "timestamp": "2026-03-15T21:43:41.880179+00:00"}
{"payload": {"data": {"E": 1773611021868, "m": true, "p": "72064.6", "ps": "BTCUSDT", "q": "0.0035", "s": "BTCUSDT"}, "stream": "btcusdt@trade"}, "timestamp": "2026-03-15T21:43:41.880296+00:00"}
{"payload": {"data": {"k": {"T": 1773611099999, "c": "72064.6", "h": "72099.9", "i": "5m", "l": "71974.7", "o": "72049.8", "q": "20398232.94532", "t": 1773610800000, "v": "283.1794", "x": false}, "ps": "BTCUSDT", "s": "BTCUSDT"}, "stream": "btcusdt@kline_5m"}, "timestamp": "2026-03-15T21:43:41.919978+00:00"}
{"payload": {"data": {"A": "3.84", "B": "46.59", "E": 1773611021929, "a": "2138.52", "b": "2138.51", "ps": "ETHUSDT", "s": "ETHUSDT"}, "stream": "ethusdt@bookTicker"}, "timestamp": "2026-03-15T21:43:41.939740+00:00"}
{"payload": {"data": {"E": 1773611021929, "i": "2140.2852670216024399", "p": "2139.47", "r": "-0.000018", "s": "ETHUSDT"}, "stream": "ethusdt@markPrice"}, "timestamp": "2026-03-15T21:43:41.940094+00:00"}
{"payload": {"data": {"openInterest": "653650.25", "symbol": "ETHUSDT", "time": 1773611021929}, "stream": "ethusdt@openInterest"}, "timestamp": "2026-03-15T21:43:41.940350+00:00"}
{"payload": {"data": {"A": "4.0416", "B": "0.0983", "E": 1773611021929, "a": "72064.7", "b": "72064.6", "ps": "BTCUSDT", "s": "BTCUSDT"}, "stream": "btcusdt@bookTicker"}, "timestamp": "2026-03-15T21:43:41.940632+00:00"}
{"payload": {"data": {"E": 1773611021929, "i": "72114.931290822784736", "p": "72086.9", "r": "-0.000026", "s": "BTCUSDT"}, "stream": "btcusdt@markPrice"}, "timestamp": "2026-03-15T21:43:41.940872+00:00"}
{"payload": {"data": {"openInterest": "27404.4737", "symbol": "BTCUSDT", "time": 1773611021929}, "stream": "btcusdt@openInterest"}, "timestamp": "2026-03-15T21:43:41.941098+00:00"}
{"payload": {"data": {"A": "26.5", "B": "40.6", "E": 1773611021930, "a": "89.738", "b": "89.737", "ps": "SOLUSDT", "s": "SOLUSDT"}, "stream": "solusdt@bookTicker"}, "timestamp": "2026-03-15T21:43:41.941634+00:00"}
{"payload": {"data": {"E": 1773611021930, "i": "89.7846453803815029", "p": "89.75", "r": "-0.000007", "s": "SOLUSDT"}, "stream": "solusdt@markPrice"}, "timestamp": "2026-03-15T21:43:41.942095+00:00"}
{"payload": {"data": {"openInterest": "3538271", "symbol": "SOLUSDT", "time": 1773611021930}, "stream": "solusdt@openInterest"}, "timestamp": "2026-03-15T21:43:41.942379+00:00"}
{"payload": {"data": {"E": 1773611022022, "m": false, "p": "72062.8", "ps": "BTCUSDT", "q": "0.0022", "s": "BTCUSDT"}, "stream": "btcusdt@trade"}, "timestamp": "2026-03-15T21:43:42.033316+00:00"}
{"payload": {"data": {"A": "2.135", "B": "0.2529", "E": 1773611022030, "a": "2139.61", "b": "2139.6", "s": "ETHUSDT"}, "stream": "ethusdt@bookTicker"}, "timestamp": "2026-03-15T21:43:42.041576+00:00"}
{"payload": {"data": {"A": "13.875", "B": "7.3443", "E": 1773611022033, "a": "89.79", "b": "89.78", "s": "SOLUSDT"}, "stream": "solusdt@bookTicker"}, "timestamp": "2026-03-15T21:43:42.042893+00:00"}
{"payload": {"data": {"A": "0.076821", "B": "0.013866", "E": 1773611022033, "a": "72105.9", "b": "72105.89", "s": "BTCUSDT"}, "stream": "btcusdt@bookTicker"}, "timestamp": "2026-03-15T21:43:42.046114+00:00"}
